<?xml version="1.0" encoding="UTF-8"?>
<!DOCTYPE html PUBLIC "-//W3C//DTD XHTML 1.0 Transitional//EN"
    "http://www.w3.org/TR/xhtml1/DTD/xhtml1-transitional.dtd">
<html xmlns="http://www.w3.org/1999/xhtml" xml:lang="en" lang="en">
 <head>
  <title>
</title>
<meta http-equiv="Content-Type" content="text/html;charset=utf-8" />
  <meta name='ocr-system' content='tesseract 3.04.00' />
  <meta name='ocr-capabilities' content='ocr_page ocr_carea ocr_par ocr_line ocrx_word'/>
</head>
<body>
  <div class='ocr_page' id='page_1' title='image "./deintolerantiac00burogoog_0009.png"; bbox 0 0 3090 4986; ppageno 0'>
   <div class='ocr_carea' id='block_1_1' title="bbox 699 294 850 335">
    <p class='ocr_par' dir='ltr' id='par_1_1' title="bbox 699 294 850 335">
     <span class='ocr_line' id='line_1_1' title="bbox 699 294 850 335; baseline 0.026 -16"><span class='ocrx_word' id='word_1_1' title='bbox 699 311 733 319; x_wconf 79' lang='grc'>...</span> <span class='ocrx_word' id='word_1_2' title='bbox 757 294 787 335; x_wconf 72' lang='lat' dir='ltr'>pp</span> <span class='ocrx_word' id='word_1_3' title='bbox 810 310 850 323; x_wconf 78' lang='grc'>..-</span> 
     </span>
    </p>
   </div>
   <div class='ocr_carea' id='block_1_2' title="bbox 123 407 1330 2397">
    <p class='ocr_par' dir='ltr' id='par_1_2' title="bbox 123 407 1330 2397">
     <span class='ocr_line' id='line_1_2' title="bbox 210 407 1330 513; baseline 0.004 -28"><span class='ocrx_word' id='word_1_4' title='bbox 210 437 228 484; x_wconf 77' lang='lat' dir='ltr'>a</span> <span class='ocrx_word' id='word_1_5' title='bbox 261 411 411 485; x_wconf 80' lang='lat' dir='ltr'>carreiam</span> <span class='ocrx_word' id='word_1_6' title='bbox 445 419 600 496; x_wconf 76' lang='lat' dir='ltr'>menter,</span> <span class='ocrx_word' id='word_1_7' title='bbox 636 407 793 497; x_wconf 77' lang='lat' dir='ltr'>dicimos,</span> <span class='ocrx_word' id='word_1_8' title='bbox 835 410 1084 509; x_wconf 75' lang='lat' dir='ltr'>cogitationes,</span> <span class='ocrx_word' id='word_1_9' title='bbox 1123 412 1330 513; x_wconf 80' lang='lat' dir='ltr'>debitasque</span> 
     </span>
     <span class='ocr_line' id='line_1_3' title="bbox 211 546 1327 644; baseline 0.004 -27"><span class='ocrx_word' id='word_1_10' title='bbox 211 571 228 617; x_wconf 77' lang='lat' dir='ltr'>a</span> <span class='ocrx_word' id='word_1_11' title='bbox 260 546 438 632; x_wconf 78' lang='lat' dir='ltr'>letaretur,</span> <span class='ocrx_word' id='word_1_12' title='bbox 466 556 644 623; x_wconf 74' lang='lat' dir='ltr'>scrutator</span> <span class='ocrx_word' id='word_1_13' title='bbox 677 558 712 622; x_wconf 89' lang='lat' dir='ltr'>et</span> <span class='ocrx_word' id='word_1_14' title='bbox 736 546 866 633; x_wconf 76' lang='lat' dir='ltr'>erescit,</span> <span class='ocrx_word' id='word_1_15' title='bbox 899 569 962 644; x_wconf 86' lang='lat' dir='ltr'>pro</span> <span class='ocrx_word' id='word_1_16' title='bbox 988 571 1119 621; x_wconf 79' lang='lat' dir='ltr'>surrento</span> <span class='ocrx_word' id='word_1_17' title='bbox 1145 572 1210 623; x_wconf 81' lang='lat' dir='ltr'>sata</span> <span class='ocrx_word' id='word_1_18' title='bbox 1236 549 1327 624; x_wconf 84' lang='lat' dir='ltr'>doni-</span> 
     </span>
     <span class='ocr_line' id='line_1_4' title="bbox 211 678 1329 781; baseline 0.004 -30"><span class='ocrx_word' id='word_1_19' title='bbox 211 708 228 751; x_wconf 80' lang='lat' dir='ltr'>a</span> <span class='ocrx_word' id='word_1_20' title='bbox 262 692 333 756; x_wconf 83' lang='lat' dir='ltr'>tote</span> <span class='ocrx_word' id='word_1_21' title='bbox 349 693 383 756; x_wconf 86' lang='lat' dir='ltr'>et</span> <span class='ocrx_word' id='word_1_22' title='bbox 412 679 595 755; x_wconf 83' lang='lat' dir='ltr'>elementia</span> <span class='ocrx_word' id='word_1_23' title='bbox 614 678 755 754; x_wconf 81' lang='lat' dir='ltr'>minime</span> <span class='ocrx_word' id='word_1_24' title='bbox 772 680 932 780; x_wconf 82' lang='lat' dir='ltr'>patiatur</span> <span class='ocrx_word' id='word_1_25' title='bbox 957 681 1152 781; x_wconf 75' lang='lat' dir='ltr'>quempiam</span> <span class='ocrx_word' id='word_1_26' title='bbox 1178 683 1329 759; x_wconf 82' lang='lat' dir='ltr'>aeternis</span> 
     </span>
     <span class='ocr_line' id='line_1_5' title="bbox 211 814 1329 915; baseline 0.004 -29"><span class='ocrx_word' id='word_1_27' title='bbox 211 842 228 886; x_wconf 78' lang='lat' dir='ltr'>a</span> <span class='ocrx_word' id='word_1_28' title='bbox 259 816 382 914; x_wconf 81' lang='lat' dir='ltr'>partiri</span> <span class='ocrx_word' id='word_1_29' title='bbox 406 814 602 915; x_wconf 81' lang='lat' dir='ltr'>suppliciis,</span> <span class='ocrx_word' id='word_1_30' title='bbox 631 816 692 913; x_wconf 82' lang='lat' dir='ltr'>qai</span> <span class='ocrx_word' id='word_1_31' title='bbox 717 816 935 891; x_wconf 75' lang='lat' dir='ltr'>creditatorioc</span> <span class='ocrx_word' id='word_1_32' title='bbox 960 817 1082 915; x_wconf 83' lang='lat' dir='ltr'>eulpae</span> <span class='ocrx_word' id='word_1_33' title='bbox 1100 829 1236 892; x_wconf 82' lang='lat' dir='ltr'>realem</span> <span class='ocrx_word' id='word_1_34' title='bbox 1261 842 1329 890; x_wconf 83' lang='lat' dir='ltr'>raon</span> 
     </span>
     <span class='ocr_line' id='line_1_6' title="bbox 211 950 1329 1049; baseline 0.003 -28"><span class='ocrx_word' id='word_1_35' title='bbox 211 977 228 1021; x_wconf 79' lang='lat' dir='ltr'>a</span> <span class='ocrx_word' id='word_1_36' title='bbox 261 950 397 1025; x_wconf 83' lang='lat' dir='ltr'>deleat.</span> <span class='ocrx_word' id='word_1_37' title='bbox 413 950 480 1024; x_wconf 84' lang='lat' dir='ltr'>Sed</span> <span class='ocrx_word' id='word_1_38' title='bbox 500 950 721 1025; x_wconf 89' lang='lat' dir='ltr'>notissimum</span> <span class='ocrx_word' id='word_1_39' title='bbox 740 974 878 1049; x_wconf 87' lang='lat' dir='ltr'>quoque</span> <span class='ocrx_word' id='word_1_40' title='bbox 894 964 944 1026; x_wconf 93' lang='lat' dir='ltr'>est</span> <span class='ocrx_word' id='word_1_41' title='bbox 964 952 1173 1026; x_wconf 88' lang='lat' dir='ltr'>catholicum</span> <span class='ocrx_word' id='word_1_42' title='bbox 1193 953 1329 1047; x_wconf 83' lang='lat' dir='ltr'>dogma,</span> 
     </span>
     <span class='ocr_line' id='line_1_7' title="bbox 210 1084 1329 1183; baseline 0.001 -26"><span class='ocrx_word' id='word_1_43' title='bbox 210 1110 229 1157; x_wconf 78' lang='lat' dir='ltr'>a</span> <span class='ocrx_word' id='word_1_44' title='bbox 261 1086 440 1159; x_wconf 93' lang='lat' dir='ltr'>neminem</span> <span class='ocrx_word' id='word_1_45' title='bbox 471 1084 602 1159; x_wconf 89' lang='lat' dir='ltr'>scilicet</span> <span class='ocrx_word' id='word_1_46' title='bbox 634 1096 728 1159; x_wconf 83' lang='lat' dir='ltr'>extra</span> <span class='ocrx_word' id='word_1_47' title='bbox 759 1085 972 1162; x_wconf 81' lang='lat' dir='ltr'>Catlrolieam</span> <span class='ocrx_word' id='word_1_48' title='bbox 1004 1087 1195 1161; x_wconf 79' lang='lat' dir='ltr'>Ecclesiam</span> <span class='ocrx_word' id='word_1_49' title='bbox 1227 1109 1329 1183; x_wconf 90' lang='lat' dir='ltr'>posse</span> 
     </span>
     <span class='ocr_line' id='line_1_8' title="bbox 123 1219 1329 1310; baseline 0.002 -19"><span class='ocrx_word' id='word_1_50' title='bbox 123 1270 126 1277; x_wconf 81' lang='lat'>·</span> <span class='ocrx_word' id='word_1_51' title='bbox 210 1247 228 1292; x_wconf 90' lang='lat'>»</span> <span class='ocrx_word' id='word_1_52' title='bbox 260 1219 406 1310; x_wconf 87' lang='lat' dir='ltr'>salvari,</span> <span class='ocrx_word' id='word_1_53' title='bbox 443 1231 476 1292; x_wconf 92' lang='lat' dir='ltr'>et</span> <span class='ocrx_word' id='word_1_54' title='bbox 509 1232 731 1295; x_wconf 88' lang='lat' dir='ltr'>contumaees</span> <span class='ocrx_word' id='word_1_55' title='bbox 766 1221 927 1295; x_wconf 87' lang='lat' dir='ltr'>adversus</span> <span class='ocrx_word' id='word_1_56' title='bbox 967 1222 1122 1296; x_wconf 86' lang='lat' dir='ltr'>eiusdem</span> <span class='ocrx_word' id='word_1_57' title='bbox 1154 1221 1329 1294; x_wconf 79' lang='lat' dir='ltr'>Ecclesiae</span> 
     </span>
     <span class='ocr_line' id='line_1_9' title="bbox 211 1355 1329 1453; baseline 0.001 -27"><span class='ocrx_word' id='word_1_58' title='bbox 211 1381 227 1426; x_wconf 76' lang='lat' dir='ltr'>a</span> <span class='ocrx_word' id='word_1_59' title='bbox 260 1355 514 1445; x_wconf 89' lang='lat' dir='ltr'>auctoritatem,</span> <span class='ocrx_word' id='word_1_60' title='bbox 540 1355 772 1445; x_wconf 85' lang='lat' dir='ltr'>definitiones,</span> <span class='ocrx_word' id='word_1_61' title='bbox 793 1366 827 1430; x_wconf 95' lang='lat' dir='ltr'>et</span> <span class='ocrx_word' id='word_1_62' title='bbox 853 1356 896 1430; x_wconf 85' lang='lat' dir='ltr'>ab</span> <span class='ocrx_word' id='word_1_63' title='bbox 916 1356 1023 1453; x_wconf 88' lang='lat' dir='ltr'>ipsius</span> <span class='ocrx_word' id='word_1_64' title='bbox 1050 1356 1225 1429; x_wconf 84' lang='lat' dir='ltr'>Ecclesiae</span> <span class='ocrx_word' id='word_1_65' title='bbox 1250 1355 1329 1429; x_wconf 91' lang='lat' dir='ltr'>uni-</span> 
     </span>
     <span class='ocr_line' id='line_1_10' title="bbox 210 1487 1330 1585; baseline -0.001 -25"><span class='ocrx_word' id='word_1_66' title='bbox 210 1516 227 1560; x_wconf 79' lang='lat'>»</span> <span class='ocrx_word' id='word_1_67' title='bbox 260 1499 340 1579; x_wconf 90' lang='lat' dir='ltr'>tate,</span> <span class='ocrx_word' id='word_1_68' title='bbox 368 1499 471 1585; x_wconf 85' lang='lat' dir='ltr'>atque</span> <span class='ocrx_word' id='word_1_69' title='bbox 497 1488 629 1563; x_wconf 89' lang='lat' dir='ltr'>aPetri</span> <span class='ocrx_word' id='word_1_70' title='bbox 651 1513 850 1564; x_wconf 89' lang='lat' dir='ltr'>successore</span> <span class='ocrx_word' id='word_1_71' title='bbox 877 1491 1035 1565; x_wconf 85' lang='lat' dir='ltr'>Romano</span> <span class='ocrx_word' id='word_1_72' title='bbox 1061 1489 1247 1578; x_wconf 87' lang='lat' dir='ltr'>Pontifice,</span> <span class='ocrx_word' id='word_1_73' title='bbox 1274 1487 1330 1562; x_wconf 86' lang='lat' dir='ltr'>cai</span> 
     </span>
     <span class='ocr_line' id='line_1_11' title="bbox 210 1623 1329 1721; baseline 0.001 -26"><span class='ocrx_word' id='word_1_74' title='bbox 210 1651 227 1695; x_wconf 75' lang='lat' dir='ltr'>a</span> <span class='ocrx_word' id='word_1_75' title='bbox 260 1623 380 1700; x_wconf 83' lang='lat' dir='ltr'>elaeae</span> <span class='ocrx_word' id='word_1_76' title='bbox 403 1623 560 1700; x_wconf 82' lang='lat' dir='ltr'>crtatodia</span> <span class='ocrx_word' id='word_1_77' title='bbox 592 1624 824 1700; x_wconf 83' lang='lat' dir='ltr'>aSoloctore</span> <span class='ocrx_word' id='word_1_78' title='bbox 850 1638 900 1700; x_wconf 80' lang='lat' dir='ltr'>est</span> <span class='ocrx_word' id='word_1_79' title='bbox 932 1625 1109 1699; x_wconf 83' lang='lat' dir='ltr'>eoraraisco</span> <span class='ocrx_word' id='word_1_80' title='bbox 1123 1623 1148 1714; x_wconf 92' lang='lat'>¹,</span> <span class='ocrx_word' id='word_1_81' title='bbox 1175 1623 1329 1721; x_wconf 89' lang='lat' dir='ltr'>pertina-</span> 
     </span>
     <span class='ocr_line' id='line_1_12' title="bbox 211 1758 1328 1856; baseline 0 -27"><span class='ocrx_word' id='word_1_82' title='bbox 211 1785 228 1829; x_wconf 78' lang='lat' dir='ltr'>r</span> <span class='ocrx_word' id='word_1_83' title='bbox 261 1758 346 1833; x_wconf 91' lang='lat' dir='ltr'>citer</span> <span class='ocrx_word' id='word_1_84' title='bbox 372 1758 513 1848; x_wconf 90' lang='lat' dir='ltr'>divisos,</span> <span class='ocrx_word' id='word_1_85' title='bbox 547 1770 725 1834; x_wconf 77' lang='lat' dir='ltr'>aeternam</span> <span class='ocrx_word' id='word_1_86' title='bbox 752 1782 822 1833; x_wconf 89' lang='lat' dir='ltr'>non</span> <span class='ocrx_word' id='word_1_87' title='bbox 850 1783 950 1856; x_wconf 88' lang='lat' dir='ltr'>posse</span> <span class='ocrx_word' id='word_1_88' title='bbox 976 1760 1132 1833; x_wconf 83' lang='lat' dir='ltr'>obtinere</span> <span class='ocrx_word' id='word_1_89' title='bbox 1169 1758 1328 1831; x_wconf 90' lang='lat' dir='ltr'>salutem.</span> 
     </span>
     <span class='ocr_line' id='line_1_13' title="bbox 212 1890 1325 1968; baseline 0.001 -5"><span class='ocrx_word' id='word_1_90' title='bbox 212 1919 229 1963; x_wconf 78' lang='lat' dir='ltr'>a</span> <span class='ocrx_word' id='word_1_91' title='bbox 262 1890 461 1967; x_wconf 84' lang='lat' dir='ltr'>Clarissima</span> <span class='ocrx_word' id='word_1_92' title='bbox 487 1892 582 1966; x_wconf 93' lang='lat' dir='ltr'>enim</span> <span class='ocrx_word' id='word_1_93' title='bbox 601 1905 683 1967; x_wconf 87' lang='lat' dir='ltr'>sunt</span> <span class='ocrx_word' id='word_1_94' title='bbox 702 1892 826 1967; x_wconf 81' lang='lat' dir='ltr'>Christi</span> <span class='ocrx_word' id='word_1_95' title='bbox 844 1893 984 1968; x_wconf 86' lang='lat' dir='ltr'>Domini</span> <span class='ocrx_word' id='word_1_96' title='bbox 1004 1893 1124 1966; x_wconf 85' lang='lat' dir='ltr'>verba:</span> <span class='ocrx_word' id='word_1_97' title='bbox 1147 1892 1189 1966; x_wconf 85' lang='lat' dir='ltr'>Si</span> <span class='ocrx_word' id='word_1_98' title='bbox 1207 1891 1325 1965; x_wconf 88' lang='lat' dir='ltr'>Eccle-</span> 
     </span>
     <span class='ocr_line' id='line_1_14' title="bbox 212 2025 1329 2126; baseline 0 -28"><span class='ocrx_word' id='word_1_99' title='bbox 212 2054 229 2098; x_wconf 83' lang='lat' dir='ltr'>a</span> <span class='ocrx_word' id='word_1_100' title='bbox 262 2025 349 2101; x_wconf 82' lang='lat' dir='ltr'>siem</span> <span class='ocrx_word' id='word_1_101' title='bbox 363 2051 432 2101; x_wconf 85' lang='lat' dir='ltr'>aod</span> <span class='ocrx_word' id='word_1_102' title='bbox 446 2026 612 2114; x_wconf 84' lang='lat' dir='ltr'>audierit,</span> <span class='ocrx_word' id='word_1_103' title='bbox 628 2029 674 2103; x_wconf 82' lang='lat' dir='ltr'>sit</span> <span class='ocrx_word' id='word_1_104' title='bbox 694 2026 760 2102; x_wconf 83' lang='lat' dir='ltr'>tibi</span> <span class='ocrx_word' id='word_1_105' title='bbox 778 2027 866 2102; x_wconf 84' lang='lat' dir='ltr'>sicat</span> <span class='ocrx_word' id='word_1_106' title='bbox 884 2025 1041 2102; x_wconf 78' lang='lat' dir='ltr'>ellanicus</span> <span class='ocrx_word' id='word_1_107' title='bbox 1057 2037 1092 2102; x_wconf 89' lang='lat' dir='ltr'>et</span> <span class='ocrx_word' id='word_1_108' title='bbox 1103 2025 1329 2126; x_wconf 73' lang='lat' dir='ltr'>pacllleaoac·</span> 
     </span>
     <span class='ocr_line' id='line_1_15' title="bbox 211 2160 1330 2260; baseline 0 -26"><span class='ocrx_word' id='word_1_109' title='bbox 211 2189 228 2233; x_wconf 79' lang='lat' dir='ltr'>a</span> <span class='ocrx_word' id='word_1_110' title='bbox 261 2161 328 2248; x_wconf 83' lang='lat' dir='ltr'>Qai</span> <span class='ocrx_word' id='word_1_111' title='bbox 358 2186 416 2236; x_wconf 83' lang='lat' dir='ltr'>eoa</span> <span class='ocrx_word' id='word_1_112' title='bbox 446 2160 564 2252; x_wconf 73' lang='lat' dir='ltr'>eadit,</span> <span class='ocrx_word' id='word_1_113' title='bbox 591 2186 645 2235; x_wconf 81' lang='lat' dir='ltr'>nae</span> <span class='ocrx_word' id='word_1_114' title='bbox 683 2161 803 2249; x_wconf 78' lang='lat' dir='ltr'>caldit,</span> <span class='ocrx_word' id='word_1_115' title='bbox 838 2173 872 2236; x_wconf 87' lang='lat' dir='ltr'>et</span> <span class='ocrx_word' id='word_1_116' title='bbox 912 2161 971 2259; x_wconf 80' lang='lat' dir='ltr'>pai</span> <span class='ocrx_word' id='word_1_117' title='bbox 997 2185 1055 2236; x_wconf 87' lang='lat' dir='ltr'>ees</span> <span class='ocrx_word' id='word_1_118' title='bbox 1089 2160 1241 2260; x_wconf 81' lang='lat' dir='ltr'>spernit,</span> <span class='ocrx_word' id='word_1_119' title='bbox 1278 2184 1330 2234; x_wconf 83' lang='lat' dir='ltr'>rac</span> 
     </span>
     <span class='ocr_line' id='line_1_16' title="bbox 211 2296 578 2397; baseline 0.003 -29"><span class='ocrx_word' id='word_1_120' title='bbox 211 2324 227 2369; x_wconf 79' lang='lat' dir='ltr'>a</span> <span class='ocrx_word' id='word_1_121' title='bbox 259 2296 414 2397; x_wconf 82' lang='lat' dir='ltr'>spernit,</span> <span class='ocrx_word' id='word_1_122' title='bbox 443 2306 507 2371; x_wconf 91' lang='lat' dir='ltr'>etc.</span> <span class='ocrx_word' id='word_1_123' title='bbox 528 2296 578 2369; x_wconf 68' lang='lat' dir='ltr'>al.</span> 
     </span>
    </p>
   </div>
   <div class='ocr_carea' id='block_1_3' title="bbox 211 2500 1403 4285">
    <p class='ocr_par' dir='ltr' id='par_1_3' title="bbox 248 2500 1024 2574">
     <span class='ocr_line' id='line_1_17' title="bbox 248 2500 1024 2574; baseline -0.004 -15"><span class='ocrx_word' id='word_1_124' title='bbox 248 2505 259 2560; x_wconf 93' lang='lat' dir='ltr'>l</span> <span class='ocrx_word' id='word_1_125' title='bbox 282 2501 386 2559; x_wconf 85' lang='lat' dir='ltr'>Concil.</span> <span class='ocrx_word' id='word_1_126' title='bbox 408 2501 512 2557; x_wconf 86' lang='lat' dir='ltr'>OEeum.</span> <span class='ocrx_word' id='word_1_127' title='bbox 534 2500 699 2557; x_wconf 83' lang='lat' dir='ltr'>Chalcedon.</span> <span class='ocrx_word' id='word_1_128' title='bbox 720 2500 754 2558; x_wconf 88' lang='lat' dir='ltr'>ad</span> <span class='ocrx_word' id='word_1_129' title='bbox 773 2503 894 2558; x_wconf 86' lang='lat' dir='ltr'>Leonem</span> <span class='ocrx_word' id='word_1_130' title='bbox 915 2502 1024 2574; x_wconf 85' lang='lat' dir='ltr'>Papam.</span> 
     </span>
    </p>

    <p class='ocr_par' dir='ltr' id='par_1_4' title="bbox 211 2588 1403 4285">
     <span class='ocr_line' id='line_1_18' title="bbox 245 2588 1333 2662; baseline -0.003 -15"><span class='ocrx_word' id='word_1_131' title='bbox 245 2591 385 2648; x_wconf 74' lang='lat' dir='ltr'>astuitia</span> <span class='ocrx_word' id='word_1_132' title='bbox 403 2591 485 2646; x_wconf 86' lang='lat' dir='ltr'>habet</span> <span class='ocrx_word' id='word_1_133' title='bbox 503 2590 637 2648; x_wconf 84' lang='lat' dir='ltr'>Alloeutio</span> <span class='ocrx_word' id='word_1_134' title='bbox 664 2590 865 2648; x_wconf 87' lang='lat' dir='ltr'>Consistorialis</span> <span class='ocrx_word' id='word_1_135' title='bbox 885 2591 1041 2662; x_wconf 73' lang='lat' dir='ltr'>Singulari</span> <span class='ocrx_word' id='word_1_136' title='bbox 1068 2589 1217 2662; x_wconf 77' lang='lat' dir='ltr'>qaedam,</span> <span class='ocrx_word' id='word_1_137' title='bbox 1242 2588 1287 2645; x_wconf 91' lang='lat' dir='ltr'>die</span> <span class='ocrx_word' id='word_1_138' title='bbox 1315 2588 1333 2644; x_wconf 85' lang='lat' dir='ltr'>a</span> 
     </span>
     <span class='ocr_line' id='line_1_19' title="bbox 211 2677 1333 2753; baseline -0.006 -15"><span class='ocrx_word' id='word_1_139' title='bbox 211 2681 365 2740; x_wconf 85' lang='lat' dir='ltr'>decembris</span> <span class='ocrx_word' id='word_1_140' title='bbox 399 2680 554 2753; x_wconf 78' lang='lat' dir='ltr'>185l,ubt</span> <span class='ocrx_word' id='word_1_141' title='bbox 582 2680 649 2736; x_wconf 87' lang='lat' dir='ltr'>haec</span> <span class='ocrx_word' id='word_1_142' title='bbox 678 2681 820 2752; x_wconf 86' lang='lat' dir='ltr'>leguntur:</span> <span class='ocrx_word' id='word_1_143' title='bbox 846 2681 954 2746; x_wconf 79' lang='lat' dir='ltr'>«Quod</span> <span class='ocrx_word' id='word_1_144' title='bbox 979 2698 1042 2737; x_wconf 89' lang='lat' dir='ltr'>vero</span> <span class='ocrx_word' id='word_1_145' title='bbox 1070 2677 1217 2753; x_wconf 84' lang='lat' dir='ltr'>Apostoliei</span> <span class='ocrx_word' id='word_1_146' title='bbox 1245 2677 1333 2734; x_wconf 89' lang='lat' dir='ltr'>nostri</span> 
     </span>
     <span class='ocr_line' id='line_1_20' title="bbox 211 2766 1331 2843; baseline -0.003 -19"><span class='ocrx_word' id='word_1_147' title='bbox 211 2795 224 2824; x_wconf 91' lang='lat'>»</span> <span class='ocrx_word' id='word_1_148' title='bbox 248 2771 370 2828; x_wconf 79' lang='lat' dir='ltr'>metueris</span> <span class='ocrx_word' id='word_1_149' title='bbox 399 2779 458 2843; x_wconf 87' lang='lat' dir='ltr'>est,</span> <span class='ocrx_word' id='word_1_150' title='bbox 479 2770 663 2843; x_wconf 88' lang='lat' dir='ltr'>episcopalem</span> <span class='ocrx_word' id='word_1_151' title='bbox 688 2777 804 2826; x_wconf 74' lang='lat' dir='ltr'>vestram</span> <span class='ocrx_word' id='word_1_152' title='bbox 825 2781 852 2827; x_wconf 89' lang='lat' dir='ltr'>et</span> <span class='ocrx_word' id='word_1_153' title='bbox 875 2772 1086 2828; x_wconf 80' lang='lat' dir='ltr'>sollicitudinem</span> <span class='ocrx_word' id='word_1_154' title='bbox 1114 2777 1141 2825; x_wconf 93' lang='lat' dir='ltr'>et</span> <span class='ocrx_word' id='word_1_155' title='bbox 1167 2766 1331 2841; x_wconf 78' lang='lat' dir='ltr'>vigilantiam</span> 
     </span>
     <span class='ocr_line' id='line_1_21' title="bbox 212 2857 1331 2934; baseline -0.002 -20"><span class='ocrx_word' id='word_1_156' title='bbox 212 2885 224 2914; x_wconf 78' lang='lat' dir='ltr'>o</span> <span class='ocrx_word' id='word_1_157' title='bbox 249 2860 390 2918; x_wconf 80' lang='lat' dir='ltr'>excitatam</span> <span class='ocrx_word' id='word_1_158' title='bbox 408 2860 543 2932; x_wconf 74' lang='lat' dir='ltr'>volumuS,</span> <span class='ocrx_word' id='word_1_159' title='bbox 563 2868 603 2932; x_wconf 90' lang='lat' dir='ltr'>ut,</span> <span class='ocrx_word' id='word_1_160' title='bbox 624 2866 755 2933; x_wconf 89' lang='lat' dir='ltr'>quantum</span> <span class='ocrx_word' id='word_1_161' title='bbox 770 2861 882 2934; x_wconf 84' lang='lat' dir='ltr'>potestis</span> <span class='ocrx_word' id='word_1_162' title='bbox 897 2862 1072 2931; x_wconf 85' lang='lat' dir='ltr'>contendere,</span> <span class='ocrx_word' id='word_1_163' title='bbox 1088 2859 1243 2933; x_wconf 89' lang='lat' dir='ltr'>opinionem</span> <span class='ocrx_word' id='word_1_164' title='bbox 1257 2857 1331 2912; x_wconf 89' lang='lat' dir='ltr'>illam</span> 
     </span>
     <span class='ocr_line' id='line_1_22' title="bbox 212 2948 1330 3025; baseline -0.004 -21"><span class='ocrx_word' id='word_1_165' title='bbox 212 2974 225 3005; x_wconf 71' lang='lat' dir='ltr'>t&gt;</span> <span class='ocrx_word' id='word_1_166' title='bbox 248 2951 360 3025; x_wconf 86' lang='lat' dir='ltr'>impiam</span> <span class='ocrx_word' id='word_1_167' title='bbox 380 2966 466 3023; x_wconf 89' lang='lat' dir='ltr'>aeque</span> <span class='ocrx_word' id='word_1_168' title='bbox 485 2967 517 3005; x_wconf 89' lang='lat' dir='ltr'>ac</span> <span class='ocrx_word' id='word_1_169' title='bbox 536 2950 671 3006; x_wconf 84' lang='lat' dir='ltr'>funestam</span> <span class='ocrx_word' id='word_1_170' title='bbox 690 2949 725 3006; x_wconf 91' lang='lat' dir='ltr'>ab</span> <span class='ocrx_word' id='word_1_171' title='bbox 740 2950 880 3007; x_wconf 90' lang='lat' dir='ltr'>hominum</span> <span class='ocrx_word' id='word_1_172' title='bbox 900 2959 991 3008; x_wconf 89' lang='lat' dir='ltr'>mente</span> <span class='ocrx_word' id='word_1_173' title='bbox 1009 2948 1186 3024; x_wconf 81' lang='lat' dir='ltr'>propulsatis,</span> <span class='ocrx_word' id='word_1_174' title='bbox 1201 2948 1330 3003; x_wconf 90' lang='lat' dir='ltr'>nimirum</span> 
     </span>
     <span class='ocr_line' id='line_1_23' title="bbox 216 3040 1331 3116; baseline -0.003 -18"><span class='ocrx_word' id='word_1_175' title='bbox 216 3065 226 3097; x_wconf 74' lang='lat' dir='ltr'>a</span> <span class='ocrx_word' id='word_1_176' title='bbox 248 3042 344 3116; x_wconf 81' lang='lat' dir='ltr'>quavis</span> <span class='ocrx_word' id='word_1_177' title='bbox 364 3041 392 3096; x_wconf 88' lang='lat' dir='ltr'>in</span> <span class='ocrx_word' id='word_1_178' title='bbox 411 3040 541 3114; x_wconf 84' lang='lat' dir='ltr'>religione</span> <span class='ocrx_word' id='word_1_179' title='bbox 561 3040 676 3115; x_wconf 91' lang='lat' dir='ltr'>reperiri</span> <span class='ocrx_word' id='word_1_180' title='bbox 689 3056 768 3114; x_wconf 90' lang='lat' dir='ltr'>posse</span> <span class='ocrx_word' id='word_1_181' title='bbox 781 3054 909 3100; x_wconf 86' lang='lat' dir='ltr'>aeternae</span> <span class='ocrx_word' id='word_1_182' title='bbox 924 3043 1018 3099; x_wconf 90' lang='lat' dir='ltr'>salutis</span> <span class='ocrx_word' id='word_1_183' title='bbox 1032 3041 1112 3097; x_wconf 90' lang='lat' dir='ltr'>viam.</span> <span class='ocrx_word' id='word_1_184' title='bbox 1129 3040 1167 3096; x_wconf 90' lang='lat' dir='ltr'>Ea</span> <span class='ocrx_word' id='word_1_185' title='bbox 1181 3056 1236 3113; x_wconf 91' lang='lat' dir='ltr'>qua</span> <span class='ocrx_word' id='word_1_186' title='bbox 1250 3055 1331 3111; x_wconf 88' lang='lat' dir='ltr'>prae·</span> 
     </span>
     <span class='ocr_line' id='line_1_24' title="bbox 216 3130 1331 3201; baseline -0.004 -12"><span class='ocrx_word' id='word_1_187' title='bbox 216 3155 228 3189; x_wconf 82' lang='lat' dir='ltr'>a</span> <span class='ocrx_word' id='word_1_188' title='bbox 249 3132 326 3189; x_wconf 87' lang='lat' dir='ltr'>statis</span> <span class='ocrx_word' id='word_1_189' title='bbox 344 3130 456 3188; x_wconf 86' lang='lat' dir='ltr'>solertia</span> <span class='ocrx_word' id='word_1_190' title='bbox 474 3147 507 3187; x_wconf 89' lang='lat' dir='ltr'>ac</span> <span class='ocrx_word' id='word_1_191' title='bbox 525 3131 651 3187; x_wconf 86' lang='lat' dir='ltr'>doctrina</span> <span class='ocrx_word' id='word_1_192' title='bbox 669 3131 861 3190; x_wconf 88' lang='lat' dir='ltr'>demonstretis</span> <span class='ocrx_word' id='word_1_193' title='bbox 875 3133 1055 3194; x_wconf 86' lang='lat' dir='ltr'>cemmmissis¹</span> <span class='ocrx_word' id='word_1_194' title='bbox 1067 3148 1149 3188; x_wconf 88' lang='lat' dir='ltr'>curae</span> <span class='ocrx_word' id='word_1_195' title='bbox 1163 3137 1270 3186; x_wconf 82' lang='lat' dir='ltr'>vestrae</span> <span class='ocrx_word' id='word_1_196' title='bbox 1285 3145 1331 3201; x_wconf 94' lang='lat' dir='ltr'>po·</span> 
     </span>
     <span class='ocr_line' id='line_1_25' title="bbox 212 3218 1330 3296; baseline -0.003 -21"><span class='ocrx_word' id='word_1_197' title='bbox 212 3246 224 3275; x_wconf 81' lang='grc'>»</span> <span class='ocrx_word' id='word_1_198' title='bbox 248 3223 320 3296; x_wconf 86' lang='lat' dir='ltr'>pulis</span> <span class='ocrx_word' id='word_1_199' title='bbox 339 3219 507 3277; x_wconf 87' lang='lat' dir='ltr'>miserationi</span> <span class='ocrx_word' id='word_1_200' title='bbox 525 3236 557 3276; x_wconf 88' lang='lat' dir='ltr'>ac</span> <span class='ocrx_word' id='word_1_201' title='bbox 575 3218 694 3277; x_wconf 88' lang='lat' dir='ltr'>iustitiae</span> <span class='ocrx_word' id='word_1_202' title='bbox 713 3221 820 3279; x_wconf 85' lang='lat' dir='ltr'>divinae</span> <span class='ocrx_word' id='word_1_203' title='bbox 840 3222 966 3296; x_wconf 83' lang='lat' dir='ltr'>dogmata</span> <span class='ocrx_word' id='word_1_204' title='bbox 987 3222 1136 3279; x_wconf 82' lang='lat' dir='ltr'>catholicae</span> <span class='ocrx_word' id='word_1_205' title='bbox 1155 3219 1220 3275; x_wconf 90' lang='lat' dir='ltr'>fidei</span> <span class='ocrx_word' id='word_1_206' title='bbox 1239 3219 1330 3275; x_wconf 87' lang='lat' dir='ltr'>neuti-</span> 
     </span>
     <span class='ocr_line' id='line_1_26' title="bbox 212 3309 1332 3386; baseline -0.002 -21"><span class='ocrx_word' id='word_1_207' title='bbox 212 3336 224 3365; x_wconf 74' lang='lat' dir='ltr'>a</span> <span class='ocrx_word' id='word_1_208' title='bbox 249 3329 330 3386; x_wconf 86' lang='lat' dir='ltr'>quarn</span> <span class='ocrx_word' id='word_1_209' title='bbox 349 3311 498 3368; x_wconf 85' lang='lat' dir='ltr'>adversari.</span> <span class='ocrx_word' id='word_1_210' title='bbox 519 3309 678 3366; x_wconf 84' lang='lat' dir='ltr'>Tenendum</span> <span class='ocrx_word' id='word_1_211' title='bbox 701 3310 802 3384; x_wconf 90' lang='lat' dir='ltr'>qnippe</span> <span class='ocrx_word' id='word_1_212' title='bbox 831 3329 863 3367; x_wconf 89' lang='lat' dir='ltr'>ex</span> <span class='ocrx_word' id='word_1_213' title='bbox 891 3313 944 3369; x_wconf 88' lang='lat' dir='ltr'>fide</span> <span class='ocrx_word' id='word_1_214' title='bbox 973 3321 1014 3369; x_wconf 91' lang='lat' dir='ltr'>est</span> <span class='ocrx_word' id='word_1_215' title='bbox 1044 3319 1120 3368; x_wconf 84' lang='lat' dir='ltr'>extra</span> <span class='ocrx_word' id='word_1_216' title='bbox 1144 3311 1332 3382; x_wconf 82' lang='lat' dir='ltr'>Apostolieam</span> 
     </span>
     <span class='ocr_line' id='line_1_27' title="bbox 211 3399 1330 3476; baseline -0.003 -21"><span class='ocrx_word' id='word_1_217' title='bbox 211 3425 224 3455; x_wconf 87' lang='lat'>»</span> <span class='ocrx_word' id='word_1_218' title='bbox 248 3403 396 3460; x_wconf 89' lang='lat' dir='ltr'>Romanam</span> <span class='ocrx_word' id='word_1_219' title='bbox 415 3401 566 3457; x_wconf 88' lang='lat' dir='ltr'>Ecclesiam</span> <span class='ocrx_word' id='word_1_220' title='bbox 586 3401 690 3456; x_wconf 88' lang='lat' dir='ltr'>salvum</span> <span class='ocrx_word' id='word_1_221' title='bbox 709 3401 769 3459; x_wconf 89' lang='lat' dir='ltr'>fieri</span> <span class='ocrx_word' id='word_1_222' title='bbox 787 3402 923 3460; x_wconf 88' lang='lat' dir='ltr'>neminem</span> <span class='ocrx_word' id='word_1_223' title='bbox 942 3420 1039 3476; x_wconf 74' lang='lat' dir='ltr'>posse,</span> <span class='ocrx_word' id='word_1_224' title='bbox 1060 3402 1129 3457; x_wconf 87' lang='lat' dir='ltr'>hane</span> <span class='ocrx_word' id='word_1_225' title='bbox 1148 3417 1208 3457; x_wconf 89' lang='lat' dir='ltr'>esse</span> <span class='ocrx_word' id='word_1_226' title='bbox 1223 3399 1330 3455; x_wconf 86' lang='lat' dir='ltr'>unicam</span> 
     </span>
     <span class='ocr_line' id='line_1_28' title="bbox 211 3488 1332 3565; baseline 0 -22"><span class='ocrx_word' id='word_1_227' title='bbox 211 3515 224 3543; x_wconf 73' lang='lat' dir='ltr'>o</span> <span class='ocrx_word' id='word_1_228' title='bbox 246 3491 343 3549; x_wconf 88' lang='lat' dir='ltr'>salutis</span> <span class='ocrx_word' id='word_1_229' title='bbox 361 3507 463 3562; x_wconf 89' lang='lat' dir='ltr'>aream,</span> <span class='ocrx_word' id='word_1_230' title='bbox 484 3490 553 3545; x_wconf 91' lang='lat' dir='ltr'>hanc</span> <span class='ocrx_word' id='word_1_231' title='bbox 573 3490 620 3563; x_wconf 92' lang='lat' dir='ltr'>qui</span> <span class='ocrx_word' id='word_1_232' title='bbox 639 3506 694 3546; x_wconf 91' lang='lat' dir='ltr'>non</span> <span class='ocrx_word' id='word_1_233' title='bbox 712 3491 796 3546; x_wconf 89' lang='lat' dir='ltr'>fuerit</span> <span class='ocrx_word' id='word_1_234' title='bbox 814 3491 955 3565; x_wconf 86' lang='lat' dir='ltr'>ingressus</span> <span class='ocrx_word' id='word_1_235' title='bbox 973 3491 1073 3548; x_wconf 81' lang='lat' dir='ltr'>diluvio</span> <span class='ocrx_word' id='word_1_236' title='bbox 1093 3490 1264 3564; x_wconf 88' lang='lat' dir='ltr'>periturum;</span> <span class='ocrx_word' id='word_1_237' title='bbox 1284 3488 1332 3544; x_wconf 85' lang='lat' dir='ltr'>sed</span> 
     </span>
     <span class='ocr_line' id='line_1_29' title="bbox 211 3578 1333 3656; baseline 0 -22"><span class='ocrx_word' id='word_1_238' title='bbox 211 3605 223 3634; x_wconf 87' lang='lat'>»</span> <span class='ocrx_word' id='word_1_239' title='bbox 247 3590 338 3639; x_wconf 89' lang='lat' dir='ltr'>tamen</span> <span class='ocrx_word' id='word_1_240' title='bbox 358 3598 405 3655; x_wconf 93' lang='lat' dir='ltr'>pro</span> <span class='ocrx_word' id='word_1_241' title='bbox 420 3585 495 3637; x_wconf 88' lang='lat' dir='ltr'>certe</span> <span class='ocrx_word' id='word_1_242' title='bbox 510 3578 613 3652; x_wconf 88' lang='lat' dir='ltr'>pariter</span> <span class='ocrx_word' id='word_1_243' title='bbox 627 3580 786 3636; x_wconf 89' lang='lat' dir='ltr'>habendum</span> <span class='ocrx_word' id='word_1_244' title='bbox 801 3587 853 3653; x_wconf 88' lang='lat' dir='ltr'>est,</span> <span class='ocrx_word' id='word_1_245' title='bbox 868 3581 915 3656; x_wconf 90' lang='lat' dir='ltr'>qui</span> <span class='ocrx_word' id='word_1_246' title='bbox 929 3599 1009 3638; x_wconf 87' lang='lat' dir='ltr'>verae</span> <span class='ocrx_word' id='word_1_247' title='bbox 1024 3580 1164 3654; x_wconf 90' lang='lat' dir='ltr'>religionis</span> <span class='ocrx_word' id='word_1_248' title='bbox 1177 3579 1333 3651; x_wconf 87' lang='lat' dir='ltr'>ignorantia</span> 
     </span>
     <span class='ocr_line' id='line_1_30' title="bbox 213 3668 1333 3745; baseline 0.001 -22"><span class='ocrx_word' id='word_1_249' title='bbox 213 3695 225 3724; x_wconf 75' lang='lat' dir='ltr'>a</span> <span class='ocrx_word' id='word_1_250' title='bbox 248 3671 385 3742; x_wconf 89' lang='lat' dir='ltr'>laborent,</span> <span class='ocrx_word' id='word_1_251' title='bbox 406 3671 428 3726; x_wconf 94' lang='lat' dir='ltr'>si</span> <span class='ocrx_word' id='word_1_252' title='bbox 447 3687 480 3726; x_wconf 90' lang='lat' dir='ltr'>ea</span> <span class='ocrx_word' id='word_1_253' title='bbox 494 3668 528 3726; x_wconf 92' lang='lat' dir='ltr'>sit</span> <span class='ocrx_word' id='word_1_254' title='bbox 547 3669 721 3738; x_wconf 84' lang='lat' dir='ltr'>invincibilis,</span> <span class='ocrx_word' id='word_1_255' title='bbox 741 3671 816 3728; x_wconf 91' lang='lat' dir='ltr'>nulla</span> <span class='ocrx_word' id='word_1_256' title='bbox 829 3672 904 3745; x_wconf 91' lang='lat' dir='ltr'>ipsos</span> <span class='ocrx_word' id='word_1_257' title='bbox 919 3671 1051 3745; x_wconf 88' lang='lat' dir='ltr'>obstringi</span> <span class='ocrx_word' id='word_1_258' title='bbox 1067 3671 1180 3727; x_wconf 87' lang='lat' dir='ltr'>huiusce</span> <span class='ocrx_word' id='word_1_259' title='bbox 1196 3670 1238 3726; x_wconf 92' lang='lat' dir='ltr'>rei</span> <span class='ocrx_word' id='word_1_260' title='bbox 1252 3671 1333 3742; x_wconf 88' lang='lat' dir='ltr'>eulpa</span> 
     </span>
     <span class='ocr_line' id='line_1_31' title="bbox 215 3759 1333 3840; baseline -0.001 -25"><span class='ocrx_word' id='word_1_261' title='bbox 215 3782 227 3815; x_wconf 80' lang='lat' dir='ltr'>a</span> <span class='ocrx_word' id='word_1_262' title='bbox 249 3768 312 3818; x_wconf 89' lang='lat' dir='ltr'>ante</span> <span class='ocrx_word' id='word_1_263' title='bbox 332 3761 424 3817; x_wconf 88' lang='lat' dir='ltr'>oculos</span> <span class='ocrx_word' id='word_1_264' title='bbox 442 3759 560 3816; x_wconf 89' lang='lat' dir='ltr'>Domini.</span> <span class='ocrx_word' id='word_1_265' title='bbox 581 3760 657 3816; x_wconf 90' lang='lat' dir='ltr'>Nunc</span> <span class='ocrx_word' id='word_1_266' title='bbox 686 3779 749 3817; x_wconf 86' lang='lat' dir='ltr'>vero</span> <span class='ocrx_word' id='word_1_267' title='bbox 769 3762 830 3835; x_wconf 89' lang='lat' dir='ltr'>quis</span> <span class='ocrx_word' id='word_1_268' title='bbox 849 3770 953 3840; x_wconf 87' lang='lat' dir='ltr'>tanturn</span> <span class='ocrx_word' id='word_1_269' title='bbox 972 3761 1025 3818; x_wconf 86' lang='lat' dir='ltr'>sibi</span> <span class='ocrx_word' id='word_1_270' title='bbox 1044 3769 1168 3833; x_wconf 86' lang='lat' dir='ltr'>arroget,</span> <span class='ocrx_word' id='word_1_271' title='bbox 1188 3766 1219 3816; x_wconf 90' lang='lat' dir='ltr'>ut</span> <span class='ocrx_word' id='word_1_272' title='bbox 1241 3759 1333 3815; x_wconf 88' lang='lat' dir='ltr'>huius-</span> 
     </span>
     <span class='ocr_line' id='line_1_32' title="bbox 212 3849 1331 3926; baseline 0.001 -23"><span class='ocrx_word' id='word_1_273' title='bbox 212 3873 225 3903; x_wconf 75' lang='lat'>»</span> <span class='ocrx_word' id='word_1_274' title='bbox 249 3851 322 3907; x_wconf 91' lang='lat' dir='ltr'>modi</span> <span class='ocrx_word' id='word_1_275' title='bbox 340 3849 507 3923; x_wconf 88' lang='lat' dir='ltr'>ignorantiae</span> <span class='ocrx_word' id='word_1_276' title='bbox 526 3849 669 3923; x_wconf 86' lang='lat' dir='ltr'>designare</span> <span class='ocrx_word' id='word_1_277' title='bbox 687 3851 786 3908; x_wconf 90' lang='lat' dir='ltr'>limites</span> <span class='ocrx_word' id='word_1_278' title='bbox 805 3860 886 3926; x_wconf 83' lang='lat' dir='ltr'>queat</span> <span class='ocrx_word' id='word_1_279' title='bbox 905 3853 979 3908; x_wconf 78' lang='lat' dir='ltr'>iuxta</span> <span class='ocrx_word' id='word_1_280' title='bbox 991 3852 1162 3924; x_wconf 87' lang='lat' dir='ltr'>populorum,</span> <span class='ocrx_word' id='word_1_281' title='bbox 1178 3850 1331 3923; x_wconf 85' lang='lat' dir='ltr'>regionum,</span> 
     </span>
     <span class='ocr_line' id='line_1_33' title="bbox 215 3940 1333 4014; baseline -0.001 -18"><span class='ocrx_word' id='word_1_282' title='bbox 215 3940 430 4014; x_wconf 75' lang='lat' dir='ltr'>»ingeniorum</span> <span class='ocrx_word' id='word_1_283' title='bbox 460 3941 631 4014; x_wconf 87' lang='lat' dir='ltr'>aliarumque</span> <span class='ocrx_word' id='word_1_284' title='bbox 652 3958 744 3998; x_wconf 91' lang='lat' dir='ltr'>rerum</span> <span class='ocrx_word' id='word_1_285' title='bbox 763 3951 819 3998; x_wconf 91' lang='lat' dir='ltr'>tam</span> <span class='ocrx_word' id='word_1_286' title='bbox 847 3943 993 3999; x_wconf 87' lang='lat' dir='ltr'>multarum</span> <span class='ocrx_word' id='word_1_287' title='bbox 1012 3941 1145 3997; x_wconf 86' lang='lat' dir='ltr'>rationem</span> <span class='ocrx_word' id='word_1_288' title='bbox 1165 3946 1191 3995; x_wconf 90' lang='lat' dir='ltr'>et</span> <span class='ocrx_word' id='word_1_289' title='bbox 1220 3940 1333 3996; x_wconf 86' lang='lat' dir='ltr'>varieta-</span> 
     </span>
     <span class='ocr_line' id='line_1_34' title="bbox 214 4029 1331 4105; baseline 0.003 -23"><span class='ocrx_word' id='word_1_290' title='bbox 214 4053 226 4083; x_wconf 76' lang='lat' dir='ltr'>a</span> <span class='ocrx_word' id='word_1_291' title='bbox 252 4032 324 4087; x_wconf 86' lang='lat' dir='ltr'>tem‘l</span> <span class='ocrx_word' id='word_1_292' title='bbox 342 4030 421 4086; x_wconf 89' lang='lat' dir='ltr'>Enim</span> <span class='ocrx_word' id='word_1_293' title='bbox 440 4045 514 4101; x_wconf 89' lang='lat' dir='ltr'>vero,</span> <span class='ocrx_word' id='word_1_294' title='bbox 535 4047 597 4086; x_wconf 87' lang='lat' dir='ltr'>curn</span> <span class='ocrx_word' id='word_1_295' title='bbox 611 4031 692 4089; x_wconf 90' lang='lat' dir='ltr'>soluti</span> <span class='ocrx_word' id='word_1_296' title='bbox 705 4033 844 4105; x_wconf 86' lang='lat' dir='ltr'>corporeis</span> <span class='ocrx_word' id='word_1_297' title='bbox 859 4032 934 4088; x_wconf 90' lang='lat' dir='ltr'>hisce</span> <span class='ocrx_word' id='word_1_298' title='bbox 949 4031 1064 4086; x_wconf 83' lang='lat' dir='ltr'>vinculis</span> <span class='ocrx_word' id='word_1_299' title='bbox 1078 4029 1231 4085; x_wconf 85' lang='lat' dir='ltr'>ridebimus</span> <span class='ocrx_word' id='word_1_300' title='bbox 1247 4029 1331 4085; x_wconf 86' lang='lat' dir='ltr'>Deam</span> 
     </span>
     <span class='ocr_line' id='line_1_35' title="bbox 217 4120 1403 4196; baseline 0.001 -21"><span class='ocrx_word' id='word_1_301' title='bbox 217 4141 230 4175; x_wconf 81' lang='lat' dir='ltr'>a</span> <span class='ocrx_word' id='word_1_302' title='bbox 251 4120 331 4177; x_wconf 84' lang='lat' dir='ltr'>sicuti</span> <span class='ocrx_word' id='word_1_303' title='bbox 350 4127 409 4191; x_wconf 89' lang='lat' dir='ltr'>est,</span> <span class='ocrx_word' id='word_1_304' title='bbox 429 4120 613 4194; x_wconf 79' lang='lat' dir='ltr'>intelligemus</span> <span class='ocrx_word' id='word_1_305' title='bbox 631 4121 752 4196; x_wconf 86' lang='lat' dir='ltr'>profecto</span> <span class='ocrx_word' id='word_1_306' title='bbox 777 4130 954 4195; x_wconf 81' lang='lat' dir='ltr'>quamarcia</span> <span class='ocrx_word' id='word_1_307' title='bbox 977 4121 1127 4195; x_wconf 88' lang='lat' dir='ltr'>pulcraque</span> <span class='ocrx_word' id='word_1_308' title='bbox 1152 4137 1222 4177; x_wconf 77' lang='lat' dir='ltr'>nexu</span> <span class='ocrx_word' id='word_1_309' title='bbox 1248 4120 1331 4176; x_wconf 90' lang='lat' dir='ltr'>mise-</span> <span class='ocrx_word' id='word_1_310' title='bbox 1401 4134 1403 4139; x_wconf 85' lang='lat'>·</span> 
     </span>
     <span class='ocr_line' id='line_1_36' title="bbox 215 4209 1331 4285; baseline 0.004 -22"><span class='ocrx_word' id='word_1_311' title='bbox 215 4232 228 4263; x_wconf 77' lang='lat' dir='ltr'>a</span> <span class='ocrx_word' id='word_1_312' title='bbox 252 4211 321 4268; x_wconf 84' lang='lat' dir='ltr'>ratio</span> <span class='ocrx_word' id='word_1_313' title='bbox 342 4227 373 4268; x_wconf 86' lang='lat' dir='ltr'>ac</span> <span class='ocrx_word' id='word_1_314' title='bbox 393 4209 495 4268; x_wconf 83' lang='lat' dir='ltr'>iustitia</span> <span class='ocrx_word' id='word_1_315' title='bbox 514 4210 606 4269; x_wconf 82' lang='lat' dir='ltr'>divina</span> <span class='ocrx_word' id='word_1_316' title='bbox 625 4211 796 4285; x_wconf 82' lang='lat' dir='ltr'>copulentur,</span> <span class='ocrx_word' id='word_1_317' title='bbox 815 4211 946 4285; x_wconf 90' lang='lat' dir='ltr'>quamdiu</span> <span class='ocrx_word' id='word_1_318' title='bbox 961 4227 1025 4270; x_wconf 82' lang='lat' dir='ltr'>vero</span> <span class='ocrx_word' id='word_1_319' title='bbox 1044 4211 1072 4271; x_wconf 93' lang='lat' dir='ltr'>in</span> <span class='ocrx_word' id='word_1_320' title='bbox 1091 4211 1172 4270; x_wconf 89' lang='lat' dir='ltr'>terris</span> <span class='ocrx_word' id='word_1_321' title='bbox 1190 4227 1331 4269; x_wconf 87' lang='lat' dir='ltr'>versamur</span> 
     </span>
    </p>
   </div>
   <div class='ocr_carea' id='block_1_4' title="bbox 0 0 1550 4986">
    <p class='ocr_par' dir='ltr' id='par_1_5' title="bbox 0 0 1550 4986">
     <span class='ocr_line' id='line_1_37' title="bbox 0 0 1550 4986; baseline 0 0"><span class='ocrx_word' id='word_1_322' title='bbox 0 0 1550 4986; x_wconf 95' lang='lat' dir='ltr'> </span> 
     </span>
    </p>
   </div>
  </div>
 </body>
</html>
