3090 4986
658 276 771 319 -tm
797 294 829 303 ··

181 414 280 495 posce
305 390 450 483 solacii,
480 390 589 468 aciem
617 394 781 468 conuertit
805 408 835 467 et
865 393 990 492 dirigite
1017 395 1077 469 ihi.
1104 395 1178 472 sect
1196 400 1303 474 erotis·

185 528 310 602 rimam
335 553 469 629 quoqne
494 544 557 615 eat,
587 542 651 603 ete.

235 662 319 737 'l'res
350 663 551 737 huiusmodi
583 663 756 737 Pontilieii
790 665 918 737 decreti
951 680 1067 762 partes
1100 669 1301 765 oontplenti-

186 810 243 871 tur
269 822 419 897 setpuens
445 798 650 873 dissertatio.
677 799 745 872 Sed
772 799 807 871 in
843 801 995 873 secunda
1024 802 1228 898 explicanda
1255 803 1303 875 la-

189 934 257 1005 tius
283 942 313 1008 cl
341 935 528 1033 praecipue
547 946 713 1011 versatur„
733 934 813 1031 quia
834 958 874 1007 on
893 935 1111 1030 ignoratione
1126 936 1219 1009 illius
1245 962 1305 1034 po·

191 1069 363 1145 tonitrium
383 1069 536 1168 procedit
558 1070 650 1167 quod
670 1069 769 1143 inscii
784 1070 835 1143 rel
851 1069 1096 1144 dissentientes
1111 1071 1304 1144 detctrinam

190 1204 408 1295 catholicam,
435 1228 540 1302 quam
567 1206 655 1278 tueri
683 1205 911 1281 intendimus.
938 1205 1208 1278 calumniantur.

240 1339 392 1437 indeque
418 1339 545 1438 patebit
574 1362 680 1437 quiam
699 1339 866 1413 latissime
886 1364 949 1437 per
967 1340 1087 1414 orbem
1107 1342 1306 1415 universum

190 1473 407 1547 ‹lillnntlatur
425 1475 556 1548 fructus
583 1473 781 1548 unanimus
806 1473 927 1547 sicilici
942 1475 1034 1548 illius
1053 1476 1229 1549 humanae
1247 1500 1310 1573 per

191 1608 366 1681 tiltristnm
392 1608 655 1707 Redemptionis
680 1608 846 1706 mysterii,
873 1610 966 1706 quod
985 1610 1022 1681 in
1047 1610 1197 1705 Virginis
1216 1610 1308 1683 int-e-

191 1754 343 1819 uterutac
363 1744 553 1818 visceribus
572 1744 742 1818 hodierna
760 1744 815 1817 die
835 1754 967 1817 secreto
987 1743 1174 1833 initiatum,
1193 1746 1307 1842 palam

192 1878 318 1953 ‹leitulc
345 1890 629 1954 consummatum
655 1879 691 1951 in
718 1877 847 1967 Cruce,
873 1877 1015 1951 iamiam
1041 1879 1199 1976 proximo
1224 1880 1310 1952 Pas-

192 2014 299 2089 sionis·
317 2028 473 2113 ternpore
492 2014 709 2113 pientissima
723 2013 959 2087 anniversaria
976 2013 1308 2088 commemoratione

193 2150 319 2225 ‹rttlturi
347 2174 477 2225 sumus.
505 2149 577 2223 Etsi
604 2148 699 2223 enim
726 2171 797 2221 non
823 2148 867 2221 ad
893 2172 1015 2222 omnes
1041 2149 1202 2222 homines
1231 2172 1310 2246 per-

195 2284 333 2359 ueniant
359 2283 508 2358 visibiles
527 2282 627 2357 rivuli
654 2292 963 2372 sacramentorum,
978 2283 1038 2355 sed
1057 2295 1174 2355 tamen
1194 2283 1312 2380 plures

195 2442 256 2491 tom
283 2420 392 2493 latent
416 2419 523 2492 abditi
550 2428 686 2491 meatus
711 2439 775 2515 per
800 2440 887 2513 quos
912 2417 956 2489 ad
972 2428 1312 2514 retroactasquoque

195 2552 306 2651 potuit
322 2564 463 2644 aetates
477 2552 528 2629 uti
541 2563 574 2629 et
589 2575 685 2627 nunc
700 2552 743 2625 atl
759 2552 860 2647 longe
874 2551 1012 2626 dissitas
1028 2553 1187 2626 nationes
1201 2565 1310 2649 potest

195 2688 406 2791 portingere,
425 2689 699 2785 innumerosque
718 2687 856 2786 expiare
875 2698 908 2761 et
930 2687 1061 2761 salvare
1079 2686 1169 2782 ligni
1189 2687 1314 2760 imma-

193 2824 318 2914 culati,
337 2825 398 2923 qui
423 2847 486 2923 pro
508 2823 671 2898 natilibus
690 2822 825 2896 occisus
851 2822 913 2895 luit
942 2822 986 2894 ab
1012 2822 1144 2918 origine
1170 2821 1314 2911 mundi,

195 2958 334 3051 struppis
365 2958 660 3059 pretiosissimae,
692 2957 790 3032 ccicc
811 2957 991 3056 potentio,
1017 2968 1053 3030 ut
1090 2956 1201 3030 verbis
1237 2968 1316 3030 utar

198 3094 233 3169 lt.
250 3094 401 3185 'lisinam
414 3093 641 3170 sacrementis
653 3091 849 3167 visibilibus
861 3115 929 3167 noc
944 3090 1142 3190 oliipotcr¹.
1159 3092 1316 3187 Itemque

198 3230 328 3329 putopit
354 3253 460 3329 cluam
487 3228 687 3325 longissime
715 3251 734 3300 a
760 3249 866 3301 sensu
892 3226 1081 3301 christiano
1115 3227 1316 3301 abhorreret

197 3376 343 3459 tittpusta
369 3364 428 3438 illa
451 3375 485 3440 ct
513 3362 657 3437 immitis
683 3362 956 3436 lonsenistarum
977 3361 1161 3457 theologia,
1193 3383 1318 3457 quam,

198 3510 269 3571 tota
293 3499 448 3597 aridique
482 3497 635 3572 Ecclesia
662 3497 914 3587 conclamante,
947 3495 1152 3570 iamdudum
1183 3494 1318 3590 gladius

198 3632 400 3707 t'omtttoiae
437 3631 650 3707 auctoritatis
689 3631 857 3706 confodit:
892 3631 951 3729 qui
985 3654 1112 3729 nempe
1145 3629 1320 3703 Christum

201 3792 262 3867 pro
299 3768 462 3843 omnibus
488 3767 689 3842 hominibus
717 3779 896 3842 mortuum
928 3789 1003 3841 esse
1029 3766 1220 3865 praefracte
1258 3785 1319 3837 ne-

198 3916 329 3997 parites,
355 3902 618 4002 Redemptionis
645 3902 856 3977 beneficium
882 3914 916 3977 et
942 3900 1120 3975 infinitum
1140 3897 1319 3995 sanguinis

201 4035 324 4113 tatutstt
352 4037 502 4135 piratium
524 4038 566 4109 ad
593 4037 831 4136 paucissimos,
852 4059 937 4135 quos
956 4035 1022 4134 ipsi
1048 4033 1114 4108 sibi
1133 4033 1322 4130 fingebant,

236 4234 251 4291 1
273 4233 303 4291 ln
317 4233 344 4309 3,
359 4251 387 4313 q.
402 4247 496 4309 nxvut,
512 4240 566 4291 art.
582 4233 608 4293 a.
