<?xml version="1.0" encoding="UTF-8"?>
<!DOCTYPE html PUBLIC "-//W3C//DTD XHTML 1.0 Transitional//EN"
    "http://www.w3.org/TR/xhtml1/DTD/xhtml1-transitional.dtd">
<html xmlns="http://www.w3.org/1999/xhtml" xml:lang="en" lang="en">
 <head>
  <title>
</title>
<meta http-equiv="Content-Type" content="text/html;charset=utf-8" />
  <meta name='ocr-system' content='tesseract 3.04.00' />
  <meta name='ocr-capabilities' content='ocr_page ocr_carea ocr_par ocr_line ocrx_word'/>
</head>
<body>
  <div class='ocr_page' id='page_1' title='image "./deintolerantiac00burogoog_0008.png"; bbox 0 0 3090 4986; ppageno 0'>
   <div class='ocr_carea' id='block_1_1' title="bbox 210 1916 1458 2419">
    <p class='ocr_par' dir='ltr' id='par_1_1' title="bbox 210 1916 1458 2419">
     <span class='ocr_line' id='line_1_1' title="bbox 259 1916 1458 2017; baseline 0.005 -26"><span class='ocrx_word' id='word_1_1' title='bbox 259 1916 346 1994; x_wconf 79' lang='lat' dir='ltr'>Plus</span> <span class='ocrx_word' id='word_1_2' title='bbox 372 1917 440 1992; x_wconf 87' lang='lat' dir='ltr'>PP.</span> <span class='ocrx_word' id='word_1_3' title='bbox 468 1917 531 2009; x_wconf 85' lang='lat' dir='ltr'>IX,</span> <span class='ocrx_word' id='word_1_4' title='bbox 551 1919 709 1992; x_wconf 78' lang='lat' dir='ltr'>Pontifex</span> <span class='ocrx_word' id='word_1_5' title='bbox 729 1918 915 2008; x_wconf 82' lang='lat' dir='ltr'>Maximus,</span> <span class='ocrx_word' id='word_1_6' title='bbox 936 1919 971 1992; x_wconf 93' lang='lat' dir='ltr'>in</span> <span class='ocrx_word' id='word_1_7' title='bbox 990 1916 1173 2017; x_wconf 82' lang='lat' dir='ltr'>Enoyolieu</span> <span class='ocrx_word' id='word_1_8' title='bbox 1191 1920 1325 2004; x_wconf 86' lang='lat' dir='ltr'>Quanto</span> <span class='ocrx_word' id='word_1_9' title='bbox 1407 1921 1409 1924; x_wconf 77' lang='grc'><strong>’</strong></span> <span class='ocrx_word' id='word_1_10' title='bbox 1448 1987 1458 1997; x_wconf 89' lang='grc'><strong>.</strong></span> 
     </span>
     <span class='ocr_line' id='line_1_2' title="bbox 210 2051 1325 2151; baseline -0.004 -22"><span class='ocrx_word' id='word_1_11' title='bbox 210 2053 451 2150; x_wconf 76' lang='lat' dir='ltr'>conficiantur,</span> <span class='ocrx_word' id='word_1_12' title='bbox 478 2075 583 2150; x_wconf 83' lang='lat' dir='ltr'>quarn</span> <span class='ocrx_word' id='word_1_13' title='bbox 610 2053 774 2151; x_wconf 90' lang='lat' dir='ltr'>providus</span> <span class='ocrx_word' id='word_1_14' title='bbox 800 2053 921 2128; x_wconf 81' lang='lat' dir='ltr'>Pastor</span> <span class='ocrx_word' id='word_1_15' title='bbox 948 2054 992 2127; x_wconf 84' lang='lat' dir='ltr'>ad</span> <span class='ocrx_word' id='word_1_16' title='bbox 1018 2051 1233 2143; x_wconf 76' lang='lat' dir='ltr'>Curdinoles,</span> <span class='ocrx_word' id='word_1_17' title='bbox 1260 2051 1325 2125; x_wconf 83' lang='lat' dir='ltr'>dr-</span> 
     </span>
     <span class='ocr_line' id='line_1_3' title="bbox 211 2164 1415 2287; baseline -0.003 -24"><span class='ocrx_word' id='word_1_18' title='bbox 211 2189 447 2287; x_wconf 86' lang='lat' dir='ltr'>chiepisoopos</span> <span class='ocrx_word' id='word_1_19' title='bbox 475 2198 509 2261; x_wconf 91' lang='lat' dir='ltr'>et</span> <span class='ocrx_word' id='word_1_20' title='bbox 534 2187 724 2286; x_wconf 86' lang='lat' dir='ltr'>Episcopus</span> <span class='ocrx_word' id='word_1_21' title='bbox 743 2188 861 2262; x_wconf 80' lang='lat' dir='ltr'>Italiae</span> <span class='ocrx_word' id='word_1_22' title='bbox 881 2189 1044 2262; x_wconf 82' lang='lat' dir='ltr'>adversus</span> <span class='ocrx_word' id='word_1_23' title='bbox 1070 2188 1187 2286; x_wconf 87' lang='lat' dir='ltr'>plures</span> <span class='ocrx_word' id='word_1_24' title='bbox 1215 2197 1326 2261; x_wconf 80' lang='lat' dir='ltr'>aetate</span> <span class='ocrx_word' id='word_1_25' title='bbox 1404 2164 1415 2183; x_wconf 71' lang='lat'><em>⁰</em></span> 
     </span>
     <span class='ocr_line' id='line_1_4' title="bbox 210 2321 1327 2419; baseline -0.003 -22"><span class='ocrx_word' id='word_1_26' title='bbox 210 2325 276 2397; x_wconf 83' lang='lat' dir='ltr'>hac</span> <span class='ocrx_word' id='word_1_27' title='bbox 303 2332 421 2397; x_wconf 82' lang='lat' dir='ltr'>nostre</span> <span class='ocrx_word' id='word_1_28' title='bbox 447 2347 580 2398; x_wconf 91' lang='lat' dir='ltr'>errores</span> <span class='ocrx_word' id='word_1_29' title='bbox 603 2334 799 2419; x_wconf 69' lang='lat' dir='ltr'>grassantes</span> <span class='ocrx_word' id='word_1_30' title='bbox 827 2323 923 2398; x_wconf 80' lang='lat' dir='ltr'>dedit</span> <span class='ocrx_word' id='word_1_31' title='bbox 944 2322 1009 2398; x_wconf 84' lang='lat' dir='ltr'>sub</span> <span class='ocrx_word' id='word_1_32' title='bbox 1035 2322 1091 2398; x_wconf 89' lang='lat' dir='ltr'>die</span> <span class='ocrx_word' id='word_1_33' title='bbox 1116 2322 1164 2395; x_wconf 82' lang='lat' dir='ltr'>tu</span> <span class='ocrx_word' id='word_1_34' title='bbox 1191 2321 1327 2419; x_wconf 75' lang='lat' dir='ltr'>augusti</span> 
     </span>
    </p>
   </div>
   <div class='ocr_carea' id='block_1_2' title="bbox 209 2457 1330 4172">
    <p class='ocr_par' dir='ltr' id='par_1_2' title="bbox 209 2457 1330 4172">
     <span class='ocr_line' id='line_1_5' title="bbox 209 2457 1325 2556; baseline 0 -24"><span class='ocrx_word' id='word_1_35' title='bbox 209 2459 317 2550; x_wconf 75' lang='lat'><strong>1863,</strong></span> <span class='ocrx_word' id='word_1_36' title='bbox 336 2460 423 2533; x_wconf 84' lang='lat' dir='ltr'>haec</span> <span class='ocrx_word' id='word_1_37' title='bbox 442 2459 533 2533; x_wconf 92' lang='lat' dir='ltr'>inter</span> <span class='ocrx_word' id='word_1_38' title='bbox 552 2459 619 2533; x_wconf 82' lang='lat' dir='ltr'>elia</span> <span class='ocrx_word' id='word_1_39' title='bbox 638 2459 759 2533; x_wconf 84' lang='lat' dir='ltr'>habet:</span> <span class='ocrx_word' id='word_1_40' title='bbox 787 2458 930 2556; x_wconf 83' lang='lat' dir='ltr'>«Atque</span> <span class='ocrx_word' id='word_1_41' title='bbox 949 2460 1016 2548; x_wconf 80' lang='lat' dir='ltr'>hic,</span> <span class='ocrx_word' id='word_1_42' title='bbox 1036 2457 1151 2532; x_wconf 84' lang='lat' dir='ltr'>dilecti</span> <span class='ocrx_word' id='word_1_43' title='bbox 1170 2457 1233 2530; x_wconf 86' lang='lat' dir='ltr'>tilii</span> <span class='ocrx_word' id='word_1_44' title='bbox 1260 2479 1325 2532; x_wconf 91' lang='lat' dir='ltr'>no·</span> 
     </span>
     <span class='ocr_line' id='line_1_6' title="bbox 209 2592 1329 2686; baseline -0.001 -20"><span class='ocrx_word' id='word_1_45' title='bbox 209 2621 226 2666; x_wconf 78' lang='lat' dir='ltr'>a</span> <span class='ocrx_word' id='word_1_46' title='bbox 259 2592 320 2667; x_wconf 93' lang='lat' dir='ltr'>stri</span> <span class='ocrx_word' id='word_1_47' title='bbox 347 2604 381 2666; x_wconf 89' lang='lat' dir='ltr'>et</span> <span class='ocrx_word' id='word_1_48' title='bbox 406 2593 620 2667; x_wconf 81' lang='lat' dir='ltr'>venerabiles</span> <span class='ocrx_word' id='word_1_49' title='bbox 654 2594 801 2686; x_wconf 80' lang='lat' dir='ltr'>iratres,</span> <span class='ocrx_word' id='word_1_50' title='bbox 828 2593 956 2668; x_wconf 89' lang='lat' dir='ltr'>iterum</span> <span class='ocrx_word' id='word_1_51' title='bbox 987 2614 1261 2668; x_wconf 82' lang='lat' dir='ltr'>commemorare</span> <span class='ocrx_word' id='word_1_52' title='bbox 1295 2601 1329 2666; x_wconf 93' lang='lat' dir='ltr'>et</span> 
     </span>
     <span class='ocr_line' id='line_1_7' title="bbox 209 2726 1327 2828; baseline -0.001 -27"><span class='ocrx_word' id='word_1_53' title='bbox 209 2754 226 2801; x_wconf 81' lang='lat' dir='ltr'>u</span> <span class='ocrx_word' id='word_1_54' title='bbox 258 2728 513 2828; x_wconf 77' lang='lat' dir='ltr'>reprehendere</span> <span class='ocrx_word' id='word_1_55' title='bbox 546 2739 680 2826; x_wconf 87' lang='lat' dir='ltr'>oportet</span> <span class='ocrx_word' id='word_1_56' title='bbox 712 2728 954 2826; x_wconf 82' lang='lat' dir='ltr'>gravissimum</span> <span class='ocrx_word' id='word_1_57' title='bbox 982 2750 1154 2818; x_wconf 85' lang='lat' dir='ltr'>errorem,</span> <span class='ocrx_word' id='word_1_58' title='bbox 1188 2726 1224 2799; x_wconf 93' lang='lat' dir='ltr'>in</span> <span class='ocrx_word' id='word_1_59' title='bbox 1258 2748 1327 2824; x_wconf 92' lang='lat' dir='ltr'>quo</span> 
     </span>
     <span class='ocr_line' id='line_1_8' title="bbox 210 2859 1328 2958; baseline -0.004 -23"><span class='ocrx_word' id='word_1_60' title='bbox 210 2890 226 2935; x_wconf 79' lang='lat' dir='ltr'>a</span> <span class='ocrx_word' id='word_1_61' title='bbox 260 2861 420 2938; x_wconf 87' lang='lat' dir='ltr'>nonnulli</span> <span class='ocrx_word' id='word_1_62' title='bbox 449 2862 609 2937; x_wconf 80' lang='lat' dir='ltr'>catholici</span> <span class='ocrx_word' id='word_1_63' title='bbox 636 2861 761 2936; x_wconf 86' lang='lat' dir='ltr'>nrisere</span> <span class='ocrx_word' id='word_1_64' title='bbox 796 2873 994 2953; x_wconf 82' lang='lat' dir='ltr'>versantur,</span> <span class='ocrx_word' id='word_1_65' title='bbox 1021 2861 1080 2958; x_wconf 88' lang='lat' dir='ltr'>qui</span> <span class='ocrx_word' id='word_1_66' title='bbox 1104 2859 1264 2934; x_wconf 88' lang='lat' dir='ltr'>hornines</span> <span class='ocrx_word' id='word_1_67' title='bbox 1291 2859 1328 2932; x_wconf 95' lang='lat' dir='ltr'>in</span> 
     </span>
     <span class='ocr_line' id='line_1_9' title="bbox 210 2993 1328 3094; baseline -0.004 -23"><span class='ocrx_word' id='word_1_68' title='bbox 210 3026 226 3071; x_wconf 77' lang='lat' dir='ltr'>a</span> <span class='ocrx_word' id='word_1_69' title='bbox 259 2997 435 3072; x_wconf 86' lang='lat' dir='ltr'>erroribus</span> <span class='ocrx_word' id='word_1_70' title='bbox 452 2997 603 3072; x_wconf 88' lang='lat' dir='ltr'>viventes</span> <span class='ocrx_word' id='word_1_71' title='bbox 623 3008 657 3070; x_wconf 93' lang='lat' dir='ltr'>et</span> <span class='ocrx_word' id='word_1_72' title='bbox 677 3021 697 3070; x_wconf 84' lang='lat' dir='ltr'>e</span> <span class='ocrx_word' id='word_1_73' title='bbox 722 3019 802 3070; x_wconf 84' lang='lat' dir='ltr'>vora</span> <span class='ocrx_word' id='word_1_74' title='bbox 826 2997 895 3070; x_wconf 87' lang='lat' dir='ltr'>fide</span> <span class='ocrx_word' id='word_1_75' title='bbox 921 3008 1024 3094; x_wconf 82' lang='lat' dir='ltr'>utque</span> <span class='ocrx_word' id='word_1_76' title='bbox 1051 2994 1220 3070; x_wconf 82' lang='lat' dir='ltr'>catholiea</span> <span class='ocrx_word' id='word_1_77' title='bbox 1245 2993 1328 3068; x_wconf 93' lang='lat' dir='ltr'>uni·</span> 
     </span>
     <span class='ocr_line' id='line_1_10' title="bbox 210 3128 1328 3228; baseline -0.002 -24"><span class='ocrx_word' id='word_1_78' title='bbox 210 3161 227 3204; x_wconf 81' lang='lat' dir='ltr'>u</span> <span class='ocrx_word' id='word_1_79' title='bbox 261 3144 328 3206; x_wconf 88' lang='lat' dir='ltr'>tute</span> <span class='ocrx_word' id='word_1_80' title='bbox 355 3131 486 3205; x_wconf 85' lang='lat' dir='ltr'>alienos</span> <span class='ocrx_word' id='word_1_81' title='bbox 512 3131 556 3204; x_wconf 88' lang='lat' dir='ltr'>ud</span> <span class='ocrx_word' id='word_1_82' title='bbox 583 3142 761 3205; x_wconf 82' lang='lat' dir='ltr'>ueternum</span> <span class='ocrx_word' id='word_1_83' title='bbox 787 3131 892 3204; x_wconf 88' lang='lat' dir='ltr'>vitum</span> <span class='ocrx_word' id='word_1_84' title='bbox 918 3129 1096 3228; x_wconf 89' lang='lat' dir='ltr'>pervenire</span> <span class='ocrx_word' id='word_1_85' title='bbox 1123 3152 1224 3227; x_wconf 90' lang='lat' dir='ltr'>posse</span> <span class='ocrx_word' id='word_1_86' title='bbox 1251 3128 1328 3226; x_wconf 92' lang='lat' dir='ltr'>opi-</span> 
     </span>
     <span class='ocr_line' id='line_1_11' title="bbox 210 3261 1326 3363; baseline -0.003 -25"><span class='ocrx_word' id='word_1_87' title='bbox 210 3294 227 3338; x_wconf 75' lang='lat' dir='ltr'>i</span> <span class='ocrx_word' id='word_1_88' title='bbox 260 3278 399 3341; x_wconf 77' lang='lat' dir='ltr'>nentur.</span> <span class='ocrx_word' id='word_1_89' title='bbox 421 3266 520 3351; x_wconf 85' lang='lat' dir='ltr'>Quod</span> <span class='ocrx_word' id='word_1_90' title='bbox 539 3266 682 3363; x_wconf 88' lang='lat' dir='ltr'>quidem</span> <span class='ocrx_word' id='word_1_91' title='bbox 701 3265 889 3340; x_wconf 79' lang='lat' dir='ltr'>catholicae</span> <span class='ocrx_word' id='word_1_92' title='bbox 908 3264 1086 3340; x_wconf 83' lang='lat' dir='ltr'>doetrinae</span> <span class='ocrx_word' id='word_1_93' title='bbox 1103 3264 1156 3337; x_wconf 86' lang='lat' dir='ltr'>vel</span> <span class='ocrx_word' id='word_1_94' title='bbox 1175 3261 1326 3337; x_wconf 84' lang='lat' dir='ltr'>rnuxirne</span> 
     </span>
     <span class='ocr_line' id='line_1_12' title="bbox 210 3397 1327 3498; baseline -0.002 -24"><span class='ocrx_word' id='word_1_95' title='bbox 210 3429 227 3474; x_wconf 77' lang='lat' dir='ltr'>a</span> <span class='ocrx_word' id='word_1_96' title='bbox 259 3403 469 3476; x_wconf 83' lang='lat' dir='ltr'>adversetur.</span> <span class='ocrx_word' id='word_1_97' title='bbox 495 3401 626 3476; x_wconf 87' lang='lat' dir='ltr'>Notunt</span> <span class='ocrx_word' id='word_1_98' title='bbox 651 3401 762 3487; x_wconf 77' lang='lat' dir='ltr'>nodio,</span> <span class='ocrx_word' id='word_1_99' title='bbox 790 3400 954 3498; x_wconf 76' lang='lat' dir='ltr'>uobisque</span> <span class='ocrx_word' id='word_1_100' title='bbox 980 3411 1052 3487; x_wconf 81' lang='lat' dir='ltr'>cst,</span> <span class='ocrx_word' id='word_1_101' title='bbox 1081 3423 1156 3486; x_wconf 80' lang='lat' dir='ltr'>cos,</span> <span class='ocrx_word' id='word_1_102' title='bbox 1184 3397 1245 3496; x_wconf 85' lang='lat' dir='ltr'>qui</span> <span class='ocrx_word' id='word_1_103' title='bbox 1270 3398 1327 3472; x_wconf 89' lang='lat' dir='ltr'>in-</span> 
     </span>
     <span class='ocr_line' id='line_1_13' title="bbox 210 3533 1328 3632; baseline -0.001 -25"><span class='ocrx_word' id='word_1_104' title='bbox 210 3564 227 3607; x_wconf 77' lang='lat' dir='ltr'>a</span> <span class='ocrx_word' id='word_1_105' title='bbox 258 3534 420 3612; x_wconf 79' lang='lat' dir='ltr'>vincibili</span> <span class='ocrx_word' id='word_1_106' title='bbox 445 3536 540 3610; x_wconf 86' lang='lat' dir='ltr'>circa</span> <span class='ocrx_word' id='word_1_107' title='bbox 564 3536 818 3611; x_wconf 80' lang='lat' dir='ltr'>saractirsianana</span> <span class='ocrx_word' id='word_1_108' title='bbox 836 3547 991 3611; x_wconf 72' lang='lat' dir='ltr'>nonnoni</span> <span class='ocrx_word' id='word_1_109' title='bbox 1005 3533 1212 3632; x_wconf 59' lang='lat' dir='ltr'>religionen</span> <span class='ocrx_word' id='word_1_110' title='bbox 1230 3534 1328 3631; x_wconf 68' lang='lat' dir='ltr'>iunu-</span> 
     </span>
     <span class='ocr_line' id='line_1_14' title="bbox 210 3666 1330 3767; baseline -0.001 -26"><span class='ocrx_word' id='word_1_111' title='bbox 210 3698 227 3741; x_wconf 77' lang='lat' dir='ltr'>u</span> <span class='ocrx_word' id='word_1_112' title='bbox 259 3670 379 3744; x_wconf 83' lang='lat' dir='ltr'>nuntia</span> <span class='ocrx_word' id='word_1_113' title='bbox 418 3669 601 3757; x_wconf 81' lang='lat' dir='ltr'>laborant,</span> <span class='ocrx_word' id='word_1_114' title='bbox 641 3668 768 3767; x_wconf 80' lang='lat' dir='ltr'>qtaiqnc</span> <span class='ocrx_word' id='word_1_115' title='bbox 805 3669 1003 3744; x_wconf 76' lang='lat' dir='ltr'>naturalem</span> <span class='ocrx_word' id='word_1_116' title='bbox 1042 3667 1153 3765; x_wconf 73' lang='lat' dir='ltr'>louein</span> <span class='ocrx_word' id='word_1_117' title='bbox 1190 3666 1330 3765; x_wconf 84' lang='lat' dir='ltr'>eiusque</span> 
     </span>
     <span class='ocr_line' id='line_1_15' title="bbox 210 3799 1330 3904; baseline -0.002 -27"><span class='ocrx_word' id='word_1_118' title='bbox 210 3832 227 3877; x_wconf 79' lang='lat' dir='ltr'>a</span> <span class='ocrx_word' id='word_1_119' title='bbox 256 3815 445 3904; x_wconf 80' lang='lat' dir='ltr'>praccepta</span> <span class='ocrx_word' id='word_1_120' title='bbox 463 3803 501 3879; x_wconf 92' lang='lat' dir='ltr'>in</span> <span class='ocrx_word' id='word_1_121' title='bbox 521 3803 674 3878; x_wconf 86' lang='lat' dir='ltr'>onnna&#39;nun</span> <span class='ocrx_word' id='word_1_122' title='bbox 699 3802 860 3878; x_wconf 79' lang='lat' dir='ltr'>cordibus</span> <span class='ocrx_word' id='word_1_123' title='bbox 886 3827 907 3877; x_wconf 90' lang='lat' dir='ltr'>a</span> <span class='ocrx_word' id='word_1_124' title='bbox 933 3803 1002 3879; x_wconf 87' lang='lat' dir='ltr'>Dco</span> <span class='ocrx_word' id='word_1_125' title='bbox 1021 3803 1195 3901; x_wconf 80' lang='lat' dir='ltr'>insculpta</span> <span class='ocrx_word' id='word_1_126' title='bbox 1213 3799 1330 3877; x_wconf 81' lang='lat' dir='ltr'>sedato</span> 
     </span>
     <span class='ocr_line' id='line_1_16' title="bbox 210 3937 1329 4039; baseline -0.001 -28"><span class='ocrx_word' id='word_1_127' title='bbox 210 3967 227 4011; x_wconf 78' lang='lat' dir='ltr'>a</span> <span class='ocrx_word' id='word_1_128' title='bbox 258 3951 454 4027; x_wconf 76' lang='lat' dir='ltr'>cernuntur,</span> <span class='ocrx_word' id='word_1_129' title='bbox 483 3963 524 4013; x_wconf 87' lang='lat' dir='ltr'>ua</span> <span class='ocrx_word' id='word_1_130' title='bbox 542 3941 612 4013; x_wconf 85' lang='lat' dir='ltr'>Deo</span> <span class='ocrx_word' id='word_1_131' title='bbox 631 3937 769 4014; x_wconf 81' lang='lat' dir='ltr'>obedire</span> <span class='ocrx_word' id='word_1_132' title='bbox 786 3938 918 4039; x_wconf 83' lang='lat' dir='ltr'>parati,</span> <span class='ocrx_word' id='word_1_133' title='bbox 936 3939 1114 4014; x_wconf 73' lang='lat' dir='ltr'>nottestan</span> <span class='ocrx_word' id='word_1_134' title='bbox 1131 3948 1329 4035; x_wconf 80' lang='lat' dir='ltr'>rectamque</span> 
     </span>
     <span class='ocr_line' id='line_1_17' title="bbox 209 4071 1330 4172; baseline -0.001 -27"><span class='ocrx_word' id='word_1_135' title='bbox 209 4098 227 4145; x_wconf 77' lang='lat' dir='ltr'>a</span> <span class='ocrx_word' id='word_1_136' title='bbox 259 4073 368 4148; x_wconf 80' lang='lat' dir='ltr'>citant</span> <span class='ocrx_word' id='word_1_137' title='bbox 394 4085 522 4172; x_wconf 70' lang='lat' dir='ltr'>curarat,</span> <span class='ocrx_word' id='word_1_138' title='bbox 544 4096 662 4172; x_wconf 77' lang='lat' dir='ltr'>posen,</span> <span class='ocrx_word' id='word_1_139' title='bbox 685 4071 823 4148; x_wconf 84' lang='lat' dir='ltr'>diuinae</span> <span class='ocrx_word' id='word_1_140' title='bbox 848 4072 938 4146; x_wconf 82' lang='lat' dir='ltr'>tracis</span> <span class='ocrx_word' id='word_1_141' title='bbox 957 4084 991 4146; x_wconf 87' lang='lat' dir='ltr'>ct</span> <span class='ocrx_word' id='word_1_142' title='bbox 1008 4072 1145 4170; x_wconf 68' lang='lat' dir='ltr'>nuntiae</span> <span class='ocrx_word' id='word_1_143' title='bbox 1165 4082 1330 4170; x_wconf 80' lang='lat' dir='ltr'>operante</span> 
     </span>
    </p>
   </div>
   <div class='ocr_carea' id='block_1_3' title="bbox 210 4189 1329 4313">
    <p class='ocr_par' dir='ltr' id='par_1_3' title="bbox 210 4189 1329 4313">
     <span class='ocr_line' id='line_1_18' title="bbox 210 4189 1329 4313; baseline -0.003 -32"><span class='ocrx_word' id='word_1_144' title='bbox 210 4233 227 4313; x_wconf 75' lang='lat' dir='ltr'>u</span> <span class='ocrx_word' id='word_1_145' title='bbox 260 4207 414 4296; x_wconf 84' lang='lat' dir='ltr'>uirtute,</span> <span class='ocrx_word' id='word_1_146' title='bbox 455 4220 634 4283; x_wconf 76' lang='lat' dir='ltr'>aeterniora</span> <span class='ocrx_word' id='word_1_147' title='bbox 666 4208 827 4305; x_wconf 75' lang='lat' dir='ltr'>consequi</span> <span class='ocrx_word' id='word_1_148' title='bbox 861 4208 991 4292; x_wconf 82' lang='lat' dir='ltr'>uiturn,·</span> <span class='ocrx_word' id='word_1_149' title='bbox 1022 4189 1101 4282; x_wconf 37' lang='lat' dir='ltr'>&#39;cun</span> <span class='ocrx_word' id='word_1_150' title='bbox 1129 4208 1240 4292; x_wconf 75' lang='lat' dir='ltr'>Dour,</span> <span class='ocrx_word' id='word_1_151' title='bbox 1269 4195 1329 4302; x_wconf 85' lang='lat' dir='ltr'>qui</span> 
     </span>
    </p>
   </div>
   <div class='ocr_carea' id='block_1_4' title="bbox 0 0 1550 4986">
    <p class='ocr_par' dir='ltr' id='par_1_4' title="bbox 0 0 1550 4986">
     <span class='ocr_line' id='line_1_19' title="bbox 0 0 1550 4986; baseline 0 0"><span class='ocrx_word' id='word_1_152' title='bbox 0 0 1550 4986; x_wconf 95' lang='lat' dir='ltr'> </span> 
     </span>
    </p>
   </div>
  </div>
 </body>
</html>
