3090 4986
695 352 731 363 ..
753 320 791 380 43
814 353 850 365 -

214 444 455 547 afflationem,
479 452 588 544 λόγον)
611 453 770 547 pertinet,
799 454 835 523 iu
861 455 988 526 exstitit
1013 453 1158 528 Christus
1180 449 1238 552 p‘ai
1265 480 1359 554 pro·

214 571 341 642 »ralis
364 571 531 666 appareat,
549 590 666 662 nempe
691 591 806 661 eorpus
826 580 858 642 ei
872 572 1015 644 veroum
1039 581 1071 646 et
1085 571 1202 646 anima.
1226 575 1333 664 Quae-

215 714 232 757 »
250 707 390 780 eumque
407 690 493 758 euim
507 687 672 778 praeclare
684 708 828 781 uuquam
840 689 991 759 dixerunt
1003 697 1058 762 aut
1068 696 1334 783 excogitaverunt

214 805 434 898 »philosophi
459 813 514 876 aut
537 804 781 895 legumlatores‚
803 804 902 894 haee,
930 809 1057 876 iaoeolo
1080 816 1111 877 et
1132 809 1333 882 considerato

217 912 233 986 l
251 921 364 1015 aliqua
387 943 427 991 ea
444 929 541 1013 porte
568 920 681 1008 l'erlo,
699 921 926 1023 elaborarunt:
951 924 1019 1014 sed,
1040 927 1117 1016 quia
1139 947 1200 996 roeo
1224 929 1333 998 amaia

214 1064 231 1105 a
250 1059 331 1130 quae
344 1045 418 1108 suaet
440 1035 545 1121 l'erbo',
561 1036 642 1107 idest
658 1036 793 1120 aarum,
814 1048 1033 1128 eopaoueraot,
1046 1059 1204 1132 persaepe
1220 1062 1330 1115 seeum

213 1181 230 1223 a
250 1158 329 1246 ipsis
342 1157 517 1245 pugnantia
534 1155 696 1225 dixerunt.
712 1155 751 1226 Et
766 1155 822 1246 pul
837 1154 963 1226 Christo
975 1157 1144 1227 secuudum
1160 1158 1331 1229 humanam

213 1297 229 1338 >r
248 1280 398 1342 naturam
431 1270 656 1363 antiquiores¹
687 1291 948 1364 unamquamque
979 1293 1049 1344 rem
1074 1277 1199 1346 ratione
1224 1278 1330 1369 (λόγῳ,

212 1412 229 1455 a
260 1387 369 1478 Verbo)
389 1391 586 1477 investigare
610 1395 665 1458 aut
693 1387 841 1458 refellere
863 1393 1011 1479 aggressi
1033 1399 1116 1478 suut,
1140 1395 1163 1460 ii
1182 1400 1218 1462 ut
1239 1396 1332 1485 impii

212 1529 230 1571 r>
249 1511 281 1576 et
296 1507 416 1574 ouhosi
431 1506 464 1575 in
484 1504 640 1574 iudicium
655 1503 786 1574 adducti
801 1506 901 1576 luere.
923 1504 1065 1590 Quorum
1084 1509 1223 1576 ommium
1240 1507 1332 1600 lonpe

212 1620 451 1713 »firmissimas
473 1620 532 1691 hac
555 1620 591 1689 ia
613 1643 651 1690 re
672 1621 817 1691 Socrates
840 1625 873 1691 iu
898 1622 1013 1692 eadem
1036 1642 1075 1693 ao
1107 1644 1165 1694 uos
1196 1629 1331 1697 erimina

214 1762 230 1805 o
249 1748 383 1810 vocatus
408 1745 472 1823 est;
489 1757 572 1808 hova
595 1741 682 1807 euim
706 1739 859 1809 dixerunt
881 1739 1050 1809 daemonia
1074 1739 1114 1811 ab
1138 1761 1176 1809 eo
1199 1743 1330 1829 iudaei,

214 1883 230 1919 »
249 1861 282 1926 et
309 1875 389 1948 quos
416 1858 529 1926 civitas
559 1857 722 1926 existimat
750 1855 839 1943 deos,
864 1853 904 1925 ab
930 1875 968 1924 eo
991 1876 1055 1926 noa
1080 1857 1329 1930 existimaril...

211 1973 370 2043 »Socrati
395 1972 531 2065 'quidem
563 1973 690 2063 (verum
723 1972 827 2041 Deum
850 1974 1051 2063 praedicanti
1075 1980 1107 2045 ot
1133 1974 1228 2045 lalsos
1252 1976 1330 2045 deos

211 2114 228 2156 o
248 2109 265 2157 e
282 2091 411 2160 civitate
435 2087 590 2178 eiicieuti)
615 2107 709 2157 nemu
733 2095 855 2157 lautum
880 2088 991 2159 hahuit
1019 2088 1112 2178 fidei,
1130 2097 1165 2160 ut
1188 2111 1246 2181 pro
1269 2091 1330 2161 hae

213 2233 229 2270 s
246 2209 405 2277 sententia
429 2212 563 2274 mortem
586 2212 763 2294 oppeteret.
781 2203 904 2274 Christo
929 2211 1045 2293 autem,
1070 2227 1160 2298 poem
1183 2206 1330 2277 Socrates

213 2349 228 2385 o
246 2320 361 2414 aliqua
383 2343 424 2390 em
452 2329 548 2414 purte
579 2319 724 2411 eopaooit
748 2320 939 2408 (eratenim
968 2329 998 2390 el
1021 2328 1067 2390 est
1089 2319 1220 2390 leolum
1244 2322 1331 2393 illud

210 2462 227 2504 a
246 2438 356 2507 amaia
376 2435 573 2530 pervadens,
589 2435 673 2528 quod
696 2443 727 2505 et
745 2457 808 2528 per
824 2435 1002 2528 Prophetas
1016 2435 1129 2528 fateare
1140 2437 1329 2530 praedioli,

210 2579 227 2620 o>
246 2562 276 2624 et
291 2575 353 2647 per
375 2552 532 2646 seipsum,
557 2573 627 2622 eum
649 2560 769 2622 autema
784 2560 894 2621 mostra
910 2561 1058 2645 suscepta
1073 2552 1149 2622 haee
1165 2553 1327 2644 doceret),

210 2696 228 2740 u
247 2671 382 2757 Christo,
406 2673 560 2762 inquam,
584 2690 648 2739 mou
666 2671 849 2760 philosophi
868 2669 971 2739 sulum
994 2678 1027 2740 el
1048 2669 1166 2741 literati
1182 2671 1329 2742 homiues

211 2813 228 2855 a
246 2787 464 2873 erediderunt,
477 2787 534 2857 sed
550 2789 690 2877 operarii
706 2791 804 2856 etiam
827 2793 859 2856 et
878 2789 1008 2856 omuino
1030 2790 1183 2877 imperiti,
1201 2795 1262 2858 eto.
1278 2787 1328 2856 »⁸.

210 2904 301 2990 Quae
324 2905 439 2975 lustiui
468 2903 569 2974 verba
598 2903 670 2973 luce
701 2894 851 2973 elariora'
868 2911 943 2973 suut
971 2903 1011 2972 ad
1042 2903 1329 2975 demonstrandum

211 3022 296 3114 quod
319 3024 352 3093 iu
375 3024 478 3111 ipsius
502 3022 662 3091 sententia
685 3019 831 3089 Socrates
848 3019 949 3089 etalii
971 3024 1135 3110 sapientes
1158 3020 1211 3090 vel
1233 3020 1328 3112 probi

211 3140 295 3209 inter
310 3138 454 3209 ethnicos
467 3139 572 3226 ipsum
585 3142 728 3206 nostrum
742 3135 910 3223 Christum,
926 3156 990 3205 non
1004 3136 1135 3228 quidem
1148 3156 1210 3228 qua
1223 3137 1328 3226 talem,

248 3340 258 3390 l
280 3342 328 3386 Kar
347 3337 368 3387 οἱ
396 3310 595 3404 apopempapplrm
613 3333 851 3406 (upapapeoaplam‘l)
874 3339 915 3384 τοῦ
934 3338 1038 3403 Χριστοῦ
1060 3339 1122 3384 κατὰ
1140 3341 1169 3385 τὸ
1189 3335 1329 3404 ἀνθρώπινον

211 3456 234 3491 κ.
249 3455 274 3490 τ,
291 3440 314 3488 i.
334 3432 408 3490 llaec
427 3433 509 3488 etiam
527 3431 612 3488 verloa
630 3431 763 3487 notabilia
781 3439 859 3502 suot,
880 3430 943 3504 quia
968 3431 1088 3486 innuunt
1110 3430 1247 3503 sapientes
1265 3432 1329 3490 illos

210 3531 392 3606 praecessisse
415 3530 528 3605 quidem
554 3529 693 3588 Christum
716 3529 871 3586 secuudum
890 3528 1052 3586 humanam
1070 3530 1164 3602 ipsius
1177 3537 1327 3603 natarum,

209 3631 258 3689 sed
272 3630 424 3688 seeundum
443 3629 563 3687 divinam
582 3629 683 3685 Christi
702 3635 832 3685 araturam
851 3627 898 3685 illo
917 3628 1083 3702 posteriores
1102 3644 1162 3685 esse
1181 3635 1209 3685 et
1227 3628 1262 3685 ab
1282 3629 1329 3685 illo

211 3731 322 3788 edoceri
336 3729 469 3803 potuisse.

244 3829 262 3884 2
280 3826 505 3894 Quamsimillima
520 3826 626 3884 dixerat
638 3825 758 3883 lustinus
771 3826 800 3883 in
814 3826 948 3900 Apologia
962 3826 1051 3898 prima
1064 3842 1140 3882 num.
1156 3839 1189 3896 v3
1210 3825 1272 3883 vide
1290 3825 1330 3900 ip-

208 3927 265 3985 sius
281 3927 364 3984 verba
378 3942 448 4000 quae
462 3924 542 3999 paulo
558 3931 622 3982 anie
636 3925 779 3982 retulimus
794 3941 857 3998 pag.
870 3925 905 3984 45
920 3931 985 3980 nota
999 3925 1027 3980 h.

244 4024 371 4096 3Χριστῷι
384 4026 409 4075 δὲ
427 4033 465 4093 τῷ
484 4030 532 4075 καὶ
551 4025 602 4076 ὑπὸ
622 4026 794 4094 Σωκράτους
813 4025 868 4076 ἀπὸ
886 4031 995 4092 μέρους
1013 4029 1180 4088 prosilere
1194 4026 1329 4096 (λόγοςγὰρ

210 4130 238 4184 ἦν
256 4130 295 4176 καὶ
314 4123 374 4176 ἔστιν
393 4126 405 4174 ὁ
425 4125 448 4173 lo
462 4130 531 4175 παντὶ
546 4123 587 4192 ὧν,
602 4130 642 4174 καὶ
656 4125 696 4176 διά
709 4133 756 4175 τῶν
770 4132 892 4195 προφητῶν
905 4130 1020 4202 saponarios
1032 4129 1071 4174 τὲί
1081 4128 1199 4188 μέλλοντα
1217 4122 1327 4191 γίνεσθαι,

209 4230 249 4275 καὶ
268 4225 291 4274 δί
309 4228 391 4277 tarrae
409 4226 568 4288 ὁμοιοπαθοῦς
580 4223 702 4288 γινομένου
717 4229 755 4274 καὶ
770 4223 908 4282 διδάξαντος
921 4219 1005 4294 ταῦτα)
1023 4222 1049 4274 οὔ
1064 4227 1184 4296 palloopm
1198 4222 1251 4274 otor
1265 4228 1329 4296 pall·

210 4326 272 4387 loyor
290 4328 360 4389 μόνον
378 4322 526 4395 laciviam,
546 4322 667 4378 ἀλλὰκαὶ
686 4327 843 4394 χιιροτὶχναι,
862 4327 902 4374 καὶ
920 4325 1040 4384 παντελῶς
1059 4321 1193 4379 lithsoria.
1213 4340 1238 4377 τ.
1258 4325 1282 4379 λ.
