3090 4986
726 348 885 406 „53-

247 487 342 548 netur
357 479 508 564 salutem,
534 479 590 547 sed
608 479 704 548 fidem
728 481 828 549 fuisse
848 483 1074 550 necessariam:
1099 478 1212 548 «Nam
1229 481 1271 550 iis
1295 481 1370 571 qui·

248 620 264 660 u
292 595 383 682 dem,
400 599 520 686 impuli,
546 599 601 686 qui
617 600 692 664 iusti
709 604 801 664 erant
819 616 859 664 en
876 595 972 684 Lege,
987 596 1069 665 tides
1087 597 1214 669 deerat:
1239 602 1272 665 et
1294 596 1370 664 ideo

247 736 265 777 ι)
292 731 365 780 cum
391 731 445 780 eos
477 720 605 782 curaret
634 711 789 781 Dominus
820 711 969 782 dicebat:
995 710 1092 780 Fides
1116 720 1171 780 tuo
1195 720 1224 780 te
1246 711 1370 780 sofr-cm

248 850 266 892 a
290 826 377 918 feeit.
397 827 440 897 lis
464 835 572 897 autem
596 829 651 917 qni
668 831 745 897 iusti
769 835 860 898 erant
884 848 926 898 en
950 827 1155 918 philosophia
1177 848 1243 897 non
1265 826 1369 896 solum

248 967 265 1008 o
293 963 374 1032 opus
404 951 472 1012 erat
496 944 558 1012 fide
583 945 616 1012 in
639 943 827 1030 Dominum,
859 944 917 1014 sed
941 948 1038 1014 etiam
1062 953 1096 1013 ut
1119 943 1326 1014 discederent
1349 962 1369 1012 a

248 1085 265 1125 s
292 1059 379 1130 cultu
402 1060 647 1130 simulacrorum
663 1085 693 1129 r.
712 1061 752 1130 at
771 1080 860 1149 vero,
878 1063 1203 1153 praeterquamquod,
1220 1069 1255 1130 ut
1271 1067 1367 1150 patet,

248 1177 399 1246 eumdem
424 1176 500 1246 fidei
525 1177 686 1247 defectum
711 1185 797 1248 notat
813 1181 910 1247 etiam
934 1181 966 1247 in
990 1178 1130 1263 ludaeis,
1156 1197 1236 1269 quos
1258 1184 1367 1246 umen

248 1297 280 1364 in
299 1302 383 1363 statu
399 1293 622 1383 possibilitatis
646 1295 746 1365 fuisse
763 1295 1010 1386 consequendae
1031 1295 1142 1365 salutis
1158 1297 1289 1363 minime
1310 1292 1370 1363 du-

246 1409 382 1498 bitatur,
401 1410 606 1501 hypothesim
624 1416 720 1481 etiam
740 1414 878 1483 admittit
896 1414 982 1503 quod
1006 1419 1137 1502 propter
1159 1413 1242 1480 hanc
1265 1413 1369 1500 ipsam

246 1531 473 1598 necessitatem
495 1527 594 1614 Deus,
618 1533 673 1620 qui
699 1529 765 1599 rult
779 1549 890 1598 omnes
910 1530 1058 1598 homines
1074 1528 1180 1598 salros
1195 1530 1275 1613 fieri,
1288 1546 1369 1614 gen·

246 1643 354 1714 lilibus
379 1647 572 1714 concesserit
596 1645 692 1715 huius
716 1645 793 1715 fidei
816 1645 1089 1735 praedicationem
1113 1651 1145 1712 et
1173 1642 1368 1732 possibilita-

246 1768 310 1832 tem
328 1764 548 1832 conversionis
566 1765 661 1830 etiam
688 1769 933 1852 postmortem:
961 1786 978 1827 a
1002 1762 1068 1830 lam
1084 1780 1179 1846 rere,
1203 1762 1369 1849 prosequi-

247 1886 307 1964 tur,
331 1878 475 1947 revelata
503 1881 552 1948 eis
577 1877 793 1967 (gentilibus)
826 1881 979 1964 veritate,
1008 1882 1070 1968 ipsi
1096 1896 1224 1968 quoque
1255 1877 1367 1965 poeni-

247 2019 263 2061 »
292 1996 390 2065 tentia
418 1994 507 2064 ducti
537 2002 611 2064 sunt
639 2002 771 2084 propter
794 2014 833 2064 ea
860 2015 943 2086 quae
972 1996 1124 2064 fecerant.
1149 1990 1366 2076 Quamobrem

250 2140 264 2173 »
291 2111 491 2200 praedicarit
514 2109 671 2180 Dominus
696 2114 735 2180 iis
759 2131 886 2203 quoque
902 2115 958 2202 qui
975 2118 1066 2180 erant
1090 2109 1176 2198 apud
1200 2109 1320 2177 inferos
1334 2132 1365 2174 u.

248 2225 338 2311 Quae
363 2227 560 2317 hypothesis,
584 2234 760 2318 utcumque
796 2227 874 2296 falsa
906 2235 937 2296 et
968 2225 1172 2316 reprobanda
1195 2222 1366 2295 rideatur¹

247 2343 359 2432 (multo
392 2347 478 2412 enim
508 2348 614 2433 aptius
637 2343 809 2414 resolvitur
833 2343 1005 2412 difficultas
1029 2343 1182 2413 alterutro
1214 2361 1255 2410 en
1286 2340 1366 2410 duo-

245 2459 306 2529 bus
331 2459 448 2529 mediis
471 2478 553 2551 qnae
578 2479 677 2550 super
701 2463 865 2530 innuimus
885 2479 926 2529 en
946 2458 985 2529 D.
1001 2460 1059 2529 Th.
1076 2480 1163 2529 num.
1190 2459 1231 2527 28
1255 2466 1287 2526 et
1312 2457 1364 2541 29,

243 2576 393 2667 ponendo
423 2575 548 2646 scDicet
578 2577 630 2644 vel
654 2576 758 2646 Deum
780 2576 1070 2667 supernaturaliter
1093 2575 1191 2644 tidem
1213 2573 1366 2644 Daturum

243 2691 435 2762 iufedelibus
459 2695 619 2779 negativis
652 2701 725 2762 ante
761 2696 904 2784 ipsorum
931 2699 1086 2779 mortem,
1110 2690 1164 2760 rel
1187 2693 1275 2780 ipsos
1299 2694 1363 2759 iam

242 2807 339 2878 frdem
362 2807 548 2897 implicitam
572 2809 772 2880 sufficienter
805 2809 958 2879 habuisse
982 2806 1230 2897 Redemptum),
1255 2814 1363 2875 temen

243 2933 326 2996 totus
350 2929 627 2995 sermocinationis
650 2929 754 3016 ipsius
778 2934 946 2996 contentus
965 2930 1043 2996 satis
1059 2924 1199 2995 ostendit
1220 2923 1365 2994 ethnicas

242 3045 398 3131 nationes,
430 3046 520 3113 iuxta
547 3041 754 3127 Clementem,
775 3047 924 3135 quamvis
947 3044 1049 3112 forent
1073 3050 1164 3112 entra
1187 3061 1304 3130 corpus
1320 3042 1364 3108 vi-

240 3158 335 3229 sibile
360 3167 514 3230 enternae
541 3163 705 3231 societatis
737 3160 886 3246 divinae,
920 3179 983 3229 non
1016 3160 1090 3229 ideo
1115 3160 1245 3227 omnino
1272 3165 1364 3227 entra

242 3275 371 3345 divinae
395 3276 618 3366 providentiae
635 3285 666 3345 et
688 3277 930 3347 misericordiae
943 3277 1102 3345 intiunnm
1122 3273 1223 3344 fuisse
1239 3276 1364 3344 consti-

243 3398 342 3475 tutas;
375 3401 407 3462 et
436 3391 541 3462 Deum
576 3395 731 3482 potuisse,
770 3394 888 3463 mediis
924 3393 987 3463 sibi
1011 3394 1148 3480 cognitis
1172 3399 1204 3461 et
1226 3391 1363 3480 placitis,

241 3529 304 3578 non
329 3509 460 3601 quidem
482 3529 523 3578 ea
546 3513 687 3580 iustitiae
704 3510 824 3596 debito,
840 3511 898 3580 sed
912 3530 952 3578 en
965 3529 1108 3599 congrua
1123 3508 1364 3598 dispensatione

240 3624 492 3712 misericordiae,
517 3626 636 3716 probos
668 3645 710 3694 ex
737 3625 912 3715 gentilibus
941 3625 1119 3716 perducere
1144 3623 1361 3710 adsalutem,

239 3742 320 3811 adeo
344 3749 388 3829 ut,
419 3745 583 3811 neminem
609 3761 750 3833 unquam
779 3750 911 3832 propter
935 3742 1037 3811 solam
1062 3741 1283 3810 infidelitatem
1308 3759 1362 3808 ne·

240 3860 390 3946 gutivam,
415 3876 457 3926 ex
481 3858 591 3929 divina
615 3858 848 3938 misericordia,
873 3860 1023 3948 periisse,
1052 3876 1155 3948 eoque
1180 3859 1287 3926 minus
1312 3876 1363 3946 po·

239 3976 334 4043 sitire
359 3972 607 4045 condemnatum
631 3974 741 4060 fuisse,
763 3977 859 4043 statui
884 3993 921 4043 ac
945 3973 1076 4042 defendi
1103 3981 1207 4065 queat.

276 4144 288 4197 t
311 4140 380 4198 Vide
395 4160 465 4216 qnae
484 4143 518 4200 de
533 4143 585 4201 hac
598 4143 747 4202 Clementis
760 4143 907 4216 hypothesi
920 4145 1063 4216 praeclare
1076 4141 1172 4197 scribit
1186 4141 1222 4196 cl.
1238 4141 1257 4196 F
1259 4155 1360 4199 naneae

240 4242 268 4296 in
286 4240 424 4297 volumine
452 4242 495 4298 cui
523 4243 620 4299 titulus
652 4243 780 4299 Ctimeni
805 4241 1014 4300 d'Ateoecudrfe
1042 4257 1102 4314 pag.
1124 4240 1177 4296 166
1194 4257 1253 4313 seq.
1280 4240 1358 4297 cuius

239 4339 325 4396 rerba
343 4356 392 4397 nos
408 4340 554 4398 referimus
572 4341 645 4400 infra
661 4342 690 4397 in
707 4341 835 4415 Append.
858 4342 890 4399 C.
1183 4342 1187 4347 '
