3068 4988
690 364 850 426 ...96-

206 492 298 559 tiemo
318 494 468 577 giudairo,
483 496 616 578 alquale
637 498 705 559 anzi
726 499 751 560 si
772 518 881 580 oppose
902 498 956 580 piri
977 497 1008 561 di
1028 499 1097 564 tutti
1118 499 1163 582 gli
1177 500 1330 585 Apostoli,

207 605 274 667 dice
294 606 424 667 tritavia
444 606 499 666 che
520 605 648 669 duranto
669 606 792 669 l'antioa
819 608 955 670 alleanza
976 608 986 668 i
1008 610 1124 671 Gentili
1146 629 1238 675 erano
1260 613 1333 673 steti

208 731 297 773 senza
317 713 425 789 Cristo,
446 713 536 774 alieni
558 714 638 775 dalla
659 715 772 775 societl
787 715 816 775 di
835 716 955 794 lsraelc,
978 717 1117 778 stranieri
1138 714 1332 780 all’all'eanzc

210 822 303 881 calle
329 839 493 899 promesse,
520 840 611 883 senza
631 840 778 901 speranza
797 841 814 883 e
835 841 926 883 senza
945 825 1004 886 Dio
1030 826 1062 884 in
1090 830 1194 904 questo
1219 828 1332 887 mondo

210 932 288 1004 (locor
306 937 329 985 ἐν
346 946 380 1005 τῷ
399 930 500 1007 κιιμῳ),
515 928 624 1009 perche
639 930 768 991 estranei
783 931 911 1008 aquella
923 931 1038 992 visibile
1054 950 1240 994 comunanna
1250 935 1332 999 nella

210 1036 300 1111 quale
319 1035 433 1096 l’Iddio
460 1053 531 1097 vcro
556 1055 573 1095 e
599 1037 667 1097 vivo
692 1037 926 1116 peculiarmente
945 1038 1096 1099 risiedeva
1112 1041 1133 1115 ¹3
1155 1059 1172 1100 e
1192 1041 1249 1100 che
1277 1061 1332 1120 per

209 1143 360 1203 contrario
373 1146 451 1204 tutte
465 1148 569 1221 queste
583 1145 697 1205 eccelse
708 1145 899 1222 prerogatire
909 1148 1152 1224 appartenerano
1165 1147 1198 1207 in
1207 1149 1331 1226 proprio

209 1250 238 1308 ai
259 1249 314 1309 soli
337 1249 459 1310 Giudei:
483 1249 570 1320 «Qui
591 1256 661 1311 sunt
674 1250 841 1328 Israelitae,
856 1269 982 1329 quorum
996 1252 1174 1331 adoptioest
1186 1253 1330 1330 filiorum,

214 1382 224 1407 ι
241 1361 272 1417 et
286 1356 392 1435 gloria,
414 1361 445 1417 et
462 1358 683 1434 testamentum,
699 1361 730 1418 et
747 1358 908 1437 legislatio,
923 1363 953 1419 et
961 1332 1119 1437 promissa,
1133 1379 1262 1438 quorum
1276 1380 1330 1441 pa·

213 1486 223 1515 r
243 1467 312 1540 tres,
329 1468 360 1524 et
373 1482 412 1523 ex
426 1464 532 1541 quibus
546 1467 591 1524 est
606 1463 741 1525 Christus
751 1466 916 1526 secundnm
930 1484 1051 1526 carnem
1064 1464 1076 1499 ²
1091 1489 1115 1526 a.
1134 1467 1198 1528 Ohe
1212 1466 1282 1526 anzi
1300 1470 1330 1529 lo

209 1574 301 1629 stesso
322 1568 414 1630 Dirin
437 1569 608 1631 Redentore
629 1589 764 1648 espresse
784 1571 838 1650 piri
858 1572 939 1632 volte
959 1572 990 1632 la
1010 1573 1184 1651 preferenza
1200 1574 1274 1634 data
1301 1577 1330 1635 ei

209 1676 318 1737 Giudei
333 1675 483 1738 inordina
499 1678 529 1738 al
543 1679 650 1756 Regno
672 1678 702 1737 di
723 1678 797 1757 Dio,
818 1679 999 1759 imponendo
1013 1680 1052 1740 da
1065 1680 1211 1760 principio
1226 1684 1252 1741 a’
1264 1683 1333 1744 suoi

208 1785 346 1864 Apostoli
360 1785 390 1845 di
404 1784 569 1865 adoperarc
587 1785 717 1847 soltanto
732 1805 814 1865 apro
828 1787 859 1847 di
872 1787 964 1865 quelli
973 1788 997 1847 il
1011 1786 1164 1849 ministero
1181 1788 1238 1850 che
1252 1808 1331 1850 area

207 1890 274 1952 loro
294 1891 432 1953 affidato:
456 1892 680 1972 «Praecipiens
695 1894 737 1954 eis
751 1893 867 1954 dicens:
889 1894 920 1954 in
940 1894 1021 1955 viam
1041 1895 1176 1971 gentium
1189 1913 1230 1956 ne
1247 1896 1328 1957 abie-

214 2024 224 2049 ι
241 2000 315 2077 ritis,
337 2004 368 2059 et
387 2000 419 2058 in
440 1999 577 2061 civitates
600 1999 855 2061 Samaritanorum
877 2019 916 2062 ne
935 2001 1134 2079 intraveritis,
1155 2001 1209 2063 sed
1230 2003 1330 2083 potius

214 2130 224 2157 ι
242 2107 284 2167 ite
296 2107 335 2167 ad
349 2125 419 2168 oros
440 2124 516 2184 quae
536 2107 692 2186 perierunt
712 2107 816 2167 domus
836 2109 950 2168 Israel³
975 2131 999 2187 »3
1020 2127 1038 2169 e
1056 2110 1247 2188 professando
1269 2111 1330 2190 egli

208 2213 370 2274 medesimo
398 2212 429 2272 di
452 2232 514 2274 non
539 2233 637 2275 essere
657 2218 736 2275 stato
761 2215 1004 2293 primariamente
1028 2216 1168 2278 mandato
1195 2218 1251 2278 ohe
1275 2238 1330 2297 per
1357 2222 1362 2236 ’

209 2322 265 2382 essi
283 2347 294 2377 ι
312 2340 373 2382 non
387 2341 452 2382 sum
466 2321 573 2382 missus
588 2322 645 2381 nisi
659 2323 698 2382 ad
712 2341 782 2383 ores
796 2342 873 2400 quae
887 2325 1039 2401 perierunt
1055 2326 1159 2385 domus
1172 2326 1288 2386 Israel‘
1306 2350 1329 2403 s,

154 2402 160 2414 ⁶
209 2447 226 2488 e
246 2428 337 2507 quelli
357 2428 561 2506 niguardando
584 2447 668 2489 come
688 2429 825 2508 figliuoli,
839 2432 849 2489 i
864 2430 978 2490 Gentili
991 2432 1042 2511 poi
1058 2448 1077 2490 a
1091 2432 1154 2492 loro
1171 2432 1329 2493 confronto

209 2536 363 2596 trattando
385 2537 469 2613 quasi
490 2554 574 2597 come
596 2538 677 2596 cani:
702 2563 712 2591 ι
734 2536 804 2598 Non
825 2540 871 2596 est
890 2538 1001 2598 bonnm
1021 2556 1138 2598 sumere
1162 2555 1273 2616 panem
1294 2539 1327 2598 fi-

215 2642 348 2703 »liorum
370 2648 400 2702 et
420 2644 539 2704 mittere
561 2644 705 2703 canibns⁶
720 2664 749 2721 »3
767 2644 826 2704 alle
843 2645 925 2722 quali
940 2646 1042 2722 parole
1059 2643 1161 2705 adattt
1182 2645 1280 2705 anche
1300 2646 1330 2705 la

207 2749 328 2827 propria
349 2748 498 2827 condotta,
520 2748 637 2810 arendo
659 2755 744 2811 entro
765 2750 776 2809 i
796 2750 852 2810 soli
872 2749 959 2810 limiti
981 2750 1060 2810 della
1082 2749 1200 2811 Giudea
1220 2752 1329 2811 eserei·

208 2859 270 2916 tato
291 2855 313 2914 il
333 2873 387 2915 suo
408 2856 526 2935 publico
541 2855 709 2933 minister03
724 2858 798 2935 egli
814 2857 951 2936 Apostoli
971 2876 1046 2936 pnre
1066 2858 1095 2918 ri
1116 2858 1141 2916 si
1162 2857 1329 2918 conforma-

170 3039 171 3042 *
207 2980 296 3038 nono,
319 2962 434 3023 avendo
459 2963 498 3023 da
517 2962 663 3044 principio
685 2964 838 3042 predicato
859 2964 882 3022 il
903 2962 1041 3043 Vangelo
1066 2964 1096 3023 ai
1121 2964 1176 3029 soli
1203 2964 1329 3044 Giudci,

208 3068 269 3129 ein
287 3069 358 3148 ogni
373 3068 446 3131 citit
460 3089 517 3132 ore
532 3070 689 3132 andavano
712 3070 812 3131 dando
827 3089 944 3149 sempre
965 3070 1003 3130 ad
1025 3070 1083 3130 essi
1103 3072 1133 3130 la
1154 3070 1330 3149 preferenza

240 3302 251 3348 1
272 3317 283 3345 s
295 3301 422 3350 Memores
439 3302 521 3349 estote
534 3299 602 3364 quod
614 3298 751 3366 aliquando
763 3314 808 3349 vos
819 3303 911 3364 gentes
923 3298 950 3348 in
961 3313 1066 3349 carne...
1081 3298 1158 3349 eratis
1169 3297 1215 3349 illo
1226 3299 1252 3349 in
1266 3303 1329 3351 tem-

208 3407 219 3436 »
232 3405 295 3454 pore
307 3390 359 3438 aina
372 3390 479 3449 Christo,
492 3387 597 3438 alienati
609 3405 624 3438 a
635 3388 830 3439 conversatione
843 3387 928 3449 Israel,
943 3392 969 3438 ct
979 3388 1094 3455 hospites
1106 3391 1326 3449 testamentorum,

208 3478 409 3544 »promissionis
426 3495 497 3544 spem
515 3494 567 3527 non
583 3479 717 3536 habentes,
732 3484 755 3527 et
765 3481 818 3527 sine
829 3480 880 3526 Dee
891 3481 919 3526 to
932 3479 974 3526 hoc
985 3479 1077 3527 mundo
1088 3496 1111 3526 a.
1125 3479 1190 3542 Fsph.
1205 3494 1229 3538 n,
1246 3481 1327 3530 11-12.

207 3570 241 3618 Lc
259 3568 329 3634 quali
345 3568 433 3634 parole
450 3584 523 3618 come
540 3568 640 3617 vadeno
656 3567 813 3618 nondimeno
831 3567 913 3617 intese
930 3567 956 3615 in
973 3583 1008 3616 un
1026 3581 1109 3626 senso,
1129 3583 1176 3632 per
1192 3569 1246 3617 cosi
1263 3568 1325 3628 dire,

207 3658 283 3723 lepalc
295 3657 327 3708 cd
341 3661 462 3717 celeriore,
479 3674 555 3708 scnzc
572 3657 704 3708 escluderc
721 3658 856 3706 l'ieterim'c
872 3656 1015 3723 possibilitt
1027 3655 1094 3706 della
1111 3656 1193 3706 salute
1209 3673 1258 3722 per
1268 3657 1328 3722 ogni

206 3746 311 3811 gentile,
331 3747 353 3796 si
369 3749 448 3798 vedrt
465 3748 491 3796 in
508 3752 581 3813 parte
595 3747 642 3813 pilr
659 3747 769 3807 innanzi,
790 3746 865 3813 epiri
881 3745 1040 3812 lergamente
1057 3745 1134 3796 siene
1154 3744 1271 3811 spiegato
1288 3746 1329 3795 dai

205 3837 300 3902 teologi
318 3837 361 3887 nel
378 3837 520 3888 dichiarare
537 3837 562 3886 le
578 3841 700 3888 sentenze
719 3836 837 3887 oattolics
859 3836 907 3887 che
929 3835 995 3885 lnori
1019 3834 1088 3886 della
1108 3851 1170 3884 vera
1192 3834 1284 3886 chiesa
1303 3835 1328 3884 di

204 3925 273 3975 Gcsr'r
290 3925 371 3976 Cristo
387 3943 440 3977 non
462 3927 489 3976 vi
512 3931 527 3976 e
552 3927 642 3978 salute.
668 3927 734 3978 Vedi
757 3942 832 3992 sopra
853 3925 892 3976 cio
915 3925 941 3974 ln
963 3923 1145 3975 dissertazionc
1162 3923 1275 3990 speciale
1291 3926 1328 3974 De

203 4015 371 4064 Intolerontio
390 4016 525 4076 catholico,
547 4033 589 4065 ssa
606 4017 772 4068 decesseritis
790 4033 802 4063 s
820 4021 890 4066 extro
907 4015 1042 4065 Ecclesiam
1057 4014 1133 4064 nullo
1149 4013 1218 4063 solos
1233 4031 1256 4062 ».

235 4105 338 4154 2Rom.
357 4120 396 4164 rx,
417 4107 445 4165 4,
466 4107 488 4154 5.

236 4193 251 4241 3
268 4193 348 4242 Mers.
368 4209 398 4254 x,
418 4195 446 4253 5,
466 4195 489 4242 6.

238 4282 254 4330 4
269 4283 352 4333 Mirr.
371 4297 417 4345 xv,
436 4285 475 4334 al.

238 4370 333 4424 51bid.
352 4387 382 4433 v,
402 4366 441 4424 26.
